4594 6452
1205 187 1408 256 -ίθθ-

441 361 500 407 σεν.
516 337 567 403 Ἐν
581 338 697 415 τούτοις
711 341 803 406 όντων
819 341 942 406 αὐτῶνῖ
957 342 1010 406 καί
1024 343 1264 433 προκοπτόντων.

441 455 537 514 αὐτῶν
559 451 811 543 θσημκίραι,,γίνε
855 477 864 516 ι
887 451 939 518 τόν
968 453 1098 536 βασιλέα
1121 455 1173 520 τόν
1202 461 1257 521 ἀν-

440 561 579 698 θρῶπινον
601 556 773 640 ὑπεξελθεῖν
797 477 881 648 θ’,

437 673 553 760 νήπιον,
568 685 625 750 τῆς
638 677 773 752 οίκείαςθ
789 677 947 759 βασιλείας
963 669 1109 768 διάδοχον
1131 679 1258 768 νεύματι

437 795 491 851 τοῦ
512 787 651 879 μεγάλου
666 799 726 854 τῶν
740 783 843 856 Ινδῶν
867 791 1024 874 βασιλέως.
1040 793 1181 860 Γίνονται
1195 793 1259 857 τοί-

437 923 485 962 νυν
506 909 535 964 ot
558 901 625 990 περί
647 900 875 991 Φρουμίντιον
865 893 936 991 εφεξ
936 912 972 977 ης
936 864 1258 994 θᾞπύσηςᾷβα

437 976 550 1086 σιλείας
563 1021 618 1076 τοῦ
640 1003 750 1087 παιδός
768 1014 935 1102 ἐπίτροποι,
950 1023 1008 1090 τῆς
1029 1015 1142 1105 μητρὸς
1166 1021 1259 1080 αὐτοῦ

436 1123 559 1188 πάντων
582 1125 690 1200 αὐτούς
715 1038 952 1216 προθεμένοις
920 1149 978 1196 την
1010 1117 1109 1202 ἐξουσί
1218 1151 1259 1192 ειν

436 1229 488 1299 διὰ
510 1236 627 1326 τρόπων
649 1237 840 1328 γνησιότητα
864 1239 917 1302 καί
939 1249 1047 1332 πεῖραν
1067 1127 1388 1330 πρῌτωνΤό

436 1347 588 1428 βιωτικῶν.
612 1344 703 1438 Εἶχον
726 1348 785 1440 γάρ
809 1348 861 1413 σύν
884 1359 924 1436 τῇ
949 1349 1033 1440 φύσει
1056 1352 1109 1416 καὶ
1132 1361 1259 1444 γνῶσιν,

435 1459 642 1550 προτριβέντες
663 1460 804 1549 μάλιστα
827 1453 955 1544 παιδείᾳ
977 1463 1014 1527 τέ
1036 1464 1089 1527 καὶ
1112 1453 1259 1546 ξενιτείας,

436 1563 476 1636 δι’
491 1566 531 1636 ὧν
554 1571 692 1662 μάλιστα
716 1575 854 1647 καὶτοῖς
876 1571 951 1648 νέοις
973 1573 1260 1642 tartaraeos.-

364 1666 367 1674 ⁶
435 1684 585 1776 σβυτέρων
605 1687 810 1776 προσγίνεται.
832 1675 962 1781 ’,Επειδὴ
983 1686 1081 1750 τοίνυν
1105 1679 1208 1757 ήσα
1249 1687 1260 1750 ί

436 1791 582 1876 εὐσεύεῒς,
604 1800 704 1863 πίστει
726 1797 764 1862 τέ
786 1808 827 1884 τῇ
858 1797 931 1887 πρὸς
953 1797 1008 1863 τόν
1031 1798 1107 1862 Θεὸν
1132 1791 1241 1866 διαπέ

435 1931 563 1986 ποντες,
585 1907 693 1996 ἁπάση
724 1909 760 1974 τέ
791 1908 1011 2000 φιλανθρωπία
1029 1911 1099 1987 τούς
1129 1801 1260 2022 aa*

435 2014 735 2110 ῦπερακοντίζοντες,
759 2033 817 2112 γῆν
841 2045 877 2088 τε
909 2025 962 2088 καί
993 2021 1154 2090 θάλοώσαν
1180 2025 1259 2112 ἐπή-

435 2158 527 2219 εσαν,
551 2136 594 2200 τοὶ
621 2146 677 2211 της
709 2137 866 2218 βασιλείας
889 2145 943 2201 τοῦ
973 2129 1141 2212 παιδὸςίθ
1114 2119 1260 2214 ίθύνοντες

434 2248 615 2341 πράγματα,
638 2262 700 2326 τοῖς
722 2273 758 2315 τε
781 2249 1001 2341 πλησιοχώροις
1028 2251 1259 2362 προσέταττον,

433 2365 482 2426 ἵνα
504 2361 575 2437 τοὺς
603 2353 841 2452 ἐπιξενουμένους
869 2359 1027 2452 Ρωμαίων
1050 2363 1122 2454 πρὸς
1152 2365 1260 2441 αὐτούς

435 2457 569 2565 φέρωσιν,
590 2479 747 2568 ἐπίγνωσιν
762 2487 817 2542 τοῦ
841 2487 918 2542 Θεοῦ
941 2469 981 2542 δι’
1005 2485 1103 2543 αὐτῶν
1127 2489 1189 2554 τοῖς
1203 2477 1257 2543 ’-Ιν

435 2580 496 2663 δοῖς
510 2594 750 2678 ἐγκατασπεῖραι
765 2613 865 2680 προμη
868 2587 1011 2680 θούμενοι.
1027 2586 1118 2681 Εἶχον
1130 2591 1189 2682 γὰρ
1206 2592 1267 2682 καὶΙ

435 2699 487 2764 τὸν
518 2699 619 2791 καιρόν
645 2700 925 2790 προσυπακούοντα·
952 2700 1026 2766 τότε
1058 2693 1142 2774 δῆτα
1169 2709 1257 2792 ἀνευ-

435 2811 534 2900 ρόντες
555 2811 639 2886 τινάς
661 2811 881 2902 προτρέπονται
903 2823 967 2888 τοῖς
995 2811 1073 2879 έθεσι
1101 2811 1258 2906 Ῥωμαίων

435 2923 641 3014 χρησαμένους
664 2925 807 3016 εὐκτήρια
830 2935 926 2990 ποιεῖν
948 2927 1002 2991 καί
1024 2927 1120 3002 οίιιους
1142 2933 1257 2998 ἐκκλη-

435 3046 504 3102 σιῶν
528 3028 691 3126 δείμασθαι
713 3037 786 3127 πρός
807 3033 1102 3132 συναθροισμύιιζςῶν
1123 3037 1181 3109 τήν
1203 3049 1258 3104 τοῦ

437 3159 514 3215 Θεοῦ
536 3151 692 3241 ἐπίγνωσιν
720 3139 966 3239 ὑποδεχομένων,
990 3157 1016 3214 εί
1046 3152 1099 3216 καί
1128 3151 1172 3240 μή
1203 3143 1257 3217 δύ-

435 3285 536 3328 ναιντο
567 3261 764 3354 θυσιαστήρια
793 3263 944 3354 πηγνύναι
975 3287 995 3327 τ
1122 3276 1258 3400 παρεῖναι

438 3351 612 3450 αθεοῑςθ
556 3380 594 3438 αὐ
596 3372 714 3438 θεντίαν
739 3373 902 3464 ἱερωσύνης,
918 3273 1150 3465 fisemis
1141 3381 1176 3452 ἐκ
1190 3375 1257 3440 τού·

435 3510 492 3552 του
520 3486 666 3577 πρόφασις
688 3497 751 3561 τοῖς
781 3484 922 3551 ἐπέκεινα
945 3477 1049 3561 Ἰνδοῖς
1079 3484 1259 3576 θεογνωσίας

436 3600 514 3677 λίαν,
536 3608 591 3663 τοῦ
622 3599 819 3689 Φρουμεντίου
850 3598 1030 3688 εὐεργεσίαις
1059 3599 1112 3662 καί
1143 3595 1258 3680 θωπείᾳ

437 3711 493 3775 καί
519 3709 710 3802 παραινέσεσι
744 3710 907 3798 φιλοτίμως
947 3715 1049 3784 αὐτοῖς
1078 3709 1258 3799 προσιόντος.

435 3819 491 3897 Ὠς
512 3812 547 3886 δέ
569 3813 740 3911 ήνδρύνθηέ
761 3821 799 3884 τό
823 3813 981 3885 βασιλικόν
1003 3811 1145 3900 παιδίον,
1169 3815 1258 3912 οὗπερ

324 3993 326 3996 .
436 3934 493 4004 τήν
516 3937 707 4024 ἐπιτροπείαν
722 3943 779 4010 τῆς
802 3934 959 4017 βασιλείας
973 3937 1136 4012 ἐποιοῦντο,
1152 3939 1191 4008 είς
1207 3933 1258 3998 αὐ·

437 4039 523 4122 ξησιυ
543 4041 690 4137 μεγίστην
713 4038 868 4122 ἐπιδόντος
892 4051 994 4124 αὐτοῦ,
1018 4053 1149 4112 αἰτοῦσιν
1174 4045 1274 4140 αὐτοί,

437 4158 524 4249 χάριν
548 4157 639 4222 αὐτὸν
654 4157 711 4230 τήν
729 4159 784 4236 ,ἐπὶ
806 4157 849 4222 τά
872 4165 968 4223 οίκεῑα
992 4150 1139 4222 ἐπάνοδον
1160 4163 1261 4231 αὐτοῖς

437 4269 631 4362 χαρίσασθαι,
648 4282 707 4336 Τοῦ
723 4263 758 4337 δὲ
782 4271 928 4354 βασιλέως
943 4269 995 4334 σύν
1009 4281 1050 4358 τῇ
1074 4271 1164 4360 μητρὶ
1179 4274 1259 4335 πολ-

414 4389 505 4460 aare
530 4383 741 4476 παρακλήσεσι
771 4388 969 4473 λιπαροῦντος
998 4383 1053 4447 καί
1081 4391 1261 4473 κρατοῦντος

378 4535 382 4540 -
437 4496 556 4586 καὶμὴ
579 4495 772 4575 ἀπολύοντος,
795 4503 812 4560 ό
836 4494 1032 4585 Φρουμέντιος
1054 4491 1169 4583 ἔφασάε
1184 4493 1259 4584 σφό-

347 4659 349 4667 .
438 4598 495 4698 δρα
517 4607 676 4674 λυπεῖσθαι
708 4605 815 4686 αὐτωίς
845 4607 911 4698 περί
938 4607 1054 4674 τούτου·
1080 4597 1127 4672 διό
1158 4629 1259 4678 κατη-

470 5045 497 5093 -2
520 5050 619 5120 αὐτῶν,
641 5045 851 5132 reprobatur,
875 5043 993 5116 oesoio
1014 5059 1078 5130 qua
1101 5059 1212 5113 mano.

482 5157 633 5227 8ῦοθοη
663 5159 779 5240 οἰκίας,
813 5175 875 5227 neo
899 5155 1099 5242 corrigitur,
1123 5163 1160 5225 ut
1189 5156 1258 5226 iere

439 5267 549 5338 solent
571 5269 730 5336 rarissimi
754 5270 787 5336 in
811 5285 852 5337 eo
876 5268 1067 5356 hujusmodi
1092 5285 1234 5338 errores.

484 5375 635 5448 ‘Codex
665 5381 772 5466 primo
804 5371 945 5471 ιύρὺνθη,
977 5383 1038 5451 sed
1069 5389 1259 5452 correctum

438 5491 511 5572 tuit,
536 5491 677 5560 tortasse
700 5511 718 5560 a
741 5493 847 5579 prima
870 5509 980 5562 manu.

396 5659 399 5664 ,
485 5603 636 5673 icodex
666 5605 756 5674 addit
785 5605 881 5690 τότε,
912 5605 1026 5674 lieet
1014 5622 1083 5692 μοι
1113 5605 1257 5730 praemi-

443 5717 531 5786 serit.
1137 5761 1140 5769 -

484 5829 557 5898 ⁶Si
581 5845 657 5898 aere
681 5827 831 5899 dolosius
862 5827 995 5938 scripsit
1025 5835 1174 5899 nostram
1205 5830 1257 5899 hi·

827 589 860 630 ον
906 563 1023 655 ἀφέντα
1053 565 1114 631 otio
1145 559 1257 656 κομιδή
1272 611 1276 622 ·

1891 86 1934 164 ῃ

1347 342 1508 434 νόιγκασαν
1531 342 1641 408 τόντε
1669 343 1799 426 βασιλέα
1822 345 1876 409 καί
1897 343 1956 416 τήν
1979 347 2095 412 τούτου
2119 372 2179 436 μη·

1348 453 1421 542 τέρα
1437 445 1591 520 ἐπιδοῦναι
1602 455 1639 520 τὸ
1655 454 1846 528 ἀπολυθῆναι
1862 459 1980 534 αὐτούς
1996 468 2026 523 oi
2043 449 2079 525 δέ
2099 463 2179 548 μετά

1348 565 1494 641 πλείστης
1516 567 1588 641 ὅσης
1618 565 1743 654 θλίψεως
1772 557 1942 634 ἐπένευσαν·
1967 579 2007 646 ὡς
2041 563 2179 658 δεσπύτγΙ

1347 699 1407 766 γαρ
1438 685 1483 757 τῷ
1517 680 1726 767 Φρουμεντίῳ
1734 687 1884 746 ἀντειπεῖν
1915 689 1970 748 οὐκ
2002 683 2078 764 ἐβού
2077 689 2187 780 λαντο..

1350 795 1387 852 Oi
1410 779 1445 853 δ
1430 779 1765 879 ἀπαραδεδωκότες”
1748 815 1874 856 απαντα
1888 801 1934 874 τῷ
1952 787 2046 858 παιδί
2071 817 2129 858 και
2143 790 2210 876 τῇ·

1347 901 1456 966 τούτου
1479 903 1571 991 μητρί
1593 900 1636 966 τοὶ
1660 895 1884 1089 ἐγχριρισθέντα
1909 910 2013 979 αὐτοῖς
2036 912 2099 980 τῖς
2122 899 2179 968 ὐε-

1347 1014 1461 1087 σιλείας
1484 1037 1522 1102 πρ
1505 1006 1737 1148 Νάᾘτα
1683 1037 1698 1078 ε
1716 1015 1810 1084 ηεσαν
1830 1025 1886 1090 τῆς
1900 1008 2068 1092 Ἰνδίας
2034 1041 2091 1082 συν
2108 1030 2208 1106 τιμῇ·-

1346 1129 1449 1212 πολλῇ
1481 1125 1538 1196 τήν
1569 1127 1620 1191 επὶ
1641 1127 1684 1192 τοὶ
1688 1121 1822 1304 {fleta
1842 1130 1963 1218 πορείαν
1996 1130 2179 1220 ποιαύμενει

1347 1236 1425 1302 Τότε
1448 1231 1668 1440 odet&
1671 1131 1806 1313 Αίσιος
1827 1239 1885 1310 τὴν
1909 1241 1951 1304 Τύ
2073 1245 2178 1310 τετλη-

1553 1261 1748 1440 &erem
1777 1357 1818 1425 είς
1843 1341 1950 1426 ’ξἈλε
1919 1263 2184 1530 {eivs-'3

1346 1371 1407 1440 φεν·
1438 1341 1523 1414 ὐδέ

1345 1462 1521 1552 ραγίνεται,
1545 1429 1784 1596 λοχισόιμενος*
1768 1486 1807 1536 ως
1838 1461 2004 1528 ἀκόλουθον
2037 1487 2082 1528 ειν

1345 1571 1498 1662 γινόμενον
1525 1572 1611 1663 παρὰ
1633 1585 1696 1649 τοῖς
1723 1567 1803 1657 ύαβ
1767 1574 1898 1664 ρβόιρθιςν
1909 1377 2216 1764 ἐργοῖᾥῄής

1345 1675 1493 1773 περιϊδεῖν·
1510 1687 1564 1752 καί
1586 1684 1756 1775 προσελθων
1772 1697 1817 1768 τῷ
1835 1688 1999 1822 ἐπιψῳ
2060 1619 2195 1868 ,θ

1345 1787 1492 1886 ξανδρέων
1523 1799 1689 1872 ἐκκλησίας
1719 1787 1912 1880 ’·Αθανασίῳ
1928 1805 2021 1876 αὐτος
2054 1825 2109 1890 γ
2190 1756 2224 1847 ἱ

1345 1909 1419 1974 τότε
1433 1919 1490 1984 τῆς
1514 1915 1646 1975 iarios*
1632 1935 1654 1974 α
1654 1911 1847 2002 ρχιερωσύνης
1861 1935 1903 1976 κα
1961 1937 2004 1977 ων
2019 1915 2097 1988 τούς
2117 1918 2175 1978 οἷα

1345 2045 1410 2096 κας·
1434 2021 1556 2086 ἕκαστα
1588 2027 1672 2103 αὐτῷ
1703 2021 1858 2112 ὐΦρουμέ
2004 2048 2020 2087 ν
2050 2047 2175 2116 γεγενη-

1345 2133 1440 2223 μένων
1475 2132 1708 2224 ὐφηγησόιμενος
1741 2135 1963 2224 ὑπομιμνήσκει
1995 2137 2178 2209 ἐπισκόπους

1347 2251 1448 2321 αὐτοῖς
1470 2249 1696 2317 ἀποσταλῆναι.
1714 2245 1790 2310 Τότε
1815 2239 1898 2316 δῆτα
1922 2254 1939 2310 d
1961 2245 2068 2337 μέγας
2083 2245 2175 2312 Ἀθα-

1345 2355 1446 2432 νόισιος
1459 2349 1576 2447 σφόδρα
1592 2365 1688 2445 σοφῶς
1712 2358 1765 2422 καί
1786 2365 1912 2432 συνετῶς
1927 2369 1992 2432 τοῖς
2014 2361 2175 2448 εἰρημένοις

1346 2467 1510 2559 προσέχων,
1533 2467 1684 2559 λέγειτῷ
1708 2469 1902 2558 Φρουμεντίῳ·
1919 2471 1983 2534 Καὶ
1999 2471 2072 2534 τίνα
2096 2471 2173 2559 εὐρί-

1347 2603 1438 2670 σομεν
1461 2581 1556 2646 ἄλλον
1579 2591 1715 2646 τοιοῦτον
1739 2575 1846 2672 ἄνδρα,
1859 2587 1891 2647 ἐν
1912 2575 1937 2662 ᾧ
1959 2593 2087 2672 πνεῦμα
2102 2595 2176 2648 fleri

1310 2749 1312 2758 .
1349 2701 1378 2760 ἐν
1403 2701 1486 2776 αὐτῷ
1501 2693 1586 2759 κατά
1609 2694 1653 2773 σὲ,
1668 2687 1794 2784 ἀδελφὶ,
1809 2696 1865 2760 τὸν
1886 2687 2053 2784 δυνάμενον
2075 2707 2173 2761 ταῦτα

1348 2805 1438 2898 ὀρθῶς
1460 2797 1725 2885 διακελεύσασθαι,
1741 2809 1794 2873 καί
1809 2807 1866 2883 τὰς
1888 2811 2057 2884 ἐκκλησίας
2079 2817 2119 2884 ῶς
2137 2813 2172 2874 ἐκ

1348 2921 1487 3010 μάλιστα
1510 2920 1569 2996 τὰς
1588 2927 1685 2986 ἐκεῖσε
1712 2921 1835 3005 ίθύνειν;
1867 2925 1929 2988 Καὶ
1961 2927 2173 3015 χειροτονήσας

1347 3034 1440 3099 αὐτόν
1462 3035 1627 3099 ἐπίσκοπον
1649 3033 1763 3098 κελεύει
1786 3033 1880 3098 πόλιν
1903 3041 1944 3109 εἰς
1961 3026 2115 3110 Ἰνδούς
2101 3061 2171 3100 ατε·

1349 3140 1498 3235 δημήσαι,
1521 3147 1574 3256 κρρί
1597 3145 1655 3222 τὰς
1676 3152 1773 3210 ἐκεῖσε
1796 3148 1961 3224 ἐκκλησίας
1983 3147 2171 3238 καθιερῶσαι

1348 3260 1401 3324 καί
1423 3267 1478 3324 τοῦ
1502 3223 1607 3323 αὐίθθι
1630 3263 1708 3324 λαοῦ
1730 3255 1957 3346 προμηθεῖσθαι.
1983 3261 2118 3328 Πλιίστη
2140 3252 2170 3322 δέ

1347 3381 1401 3464 τοῦ
1417 3380 1494 3436 Θεοῦ
1518 3371 1606 3474 χάρις
1627 3370 1793 3461 προσετέθη
1810 3371 1891 3459 μετὰ
1906 3371 1965 3442 τήν
1988 3375 2171 3461 χειροτονίαν

1347 3494 1391 3567 τῷ
1403 3477 1496 3575 ἀνδρί,
1511 3469 1569 3560 τὰς
1584 3484 1792 3560 ἀποστολικάς
1807 3485 1924 3574 ἀφιέντι
1940 3491 2077 3560 ἀκτῖνας.
2094 3485 2172 3548 Φθί-

1346 3622 1402 3674 σας
1431 3597 1491 3688 γὰρ
1521 3596 1585 3668 τήν
1609 3595 1826 3686 προρρηθεῖσαν
1846 3589 2017 3667 ἐνδοτόιτην
2039 3589 2170 3664 Ἰνδίαν.

1346 3712 1529 3800 ἐπισημείοις
1551 3709 1603 3774 καί
1627 3700 1771 3799 δυνόιμεσι
1786 3709 1824 3774 τὸ
1839 3719 1894 3774 τοῦ
1908 3717 2041 3799 Χριστοῦ
2064 3713 2168 3794 βεβαι-

1345 3832 1385 3888 ῶν
1416 3820 1615 3912 εὐαγγέλιον,
1637 3821 1741 3886 πολλοὶ
1774 3818 1880 3890 πλήθη
1904 3829 1966 3886 τῶν
1988 3813 2093 3886 Ἰνδῶν
2122 3825 2169 3886 ἐστὶ

1345 3933 1402 4005 τὴν
1424 3941 1479 3998 τοῦ
1501 3941 1631 4024 Χριστοῦ
1655 3933 1762 4004 ἀληθῆΙ
1781 3935 1882 3999 πίστιν
1906 3935 2076 4023 ἐφείλκυσε,
2100 3959 2170 4024 γνη·

1345 4046 1485 4113 σιόιτατα
1509 4051 1608 4110 αὐτῶν
1623 4046 1676 4110 τὸν
1691 4045 1768 4111 θεῖον
1784 4037 1825 4110 δι’
1842 4053 1937 4112 αὐτοῦ
1952 4039 2170 4138 παραδεξαμέ-

1344 4183 1400 4224 νων
1415 4150 1593 4250 λόγον.’Διύ
1603 4156 1661 4223 Ικαί
1676 4141 1836 4230 ἐκκλησίαι
1859 4161 1912 4224 καί
1935 4163 2118 4250 χειροτονίαι
2133 4169 2170 4232 εἰς

1344 4269 1461 4347 πλῆθος
1483 4264 1618 4348 ηὐξησαν
1641 4277 1672 4336 ἐν
1695 4273 1816 4347 ἐκείνοις
1837 4281 1901 4347 τοῖς
1923 4270 2029 4368 ἔθνεσι.
2062 4281 2167 4336 Ταῦτα

1345 4390 1415 4472 ἡμῖν
1426 4391 1443 4447 d
1455 4375 1588 4460 Αίδέσιος
1600 4389 1630 4448 ἐν
1641 4393 1681 4470 τῇ
1694 4383 1775 4473 Τύρῳ
1786 4385 1976 4474 παραμείνας
1987 4375 2171 4475 διηγήσατο·

1345 4489 1540 4587 πρεσβύτερος
1554 4497 1613 4590 γὰρ
1628 4509 1685 4574 τῆς
1700 4495 1805 4563 αὐτόθι
1827 4499 1994 4571 ἐκκλησίας
2015 4497 2171 4587 γενόμενος

1346 4613 1377 4673 ἐν
1401 4613 1479 4695 αὐτῇ
1503 4607 1677 4698 παρέμεινεν
1700 4607 1754 4682 ἕως
1769 4617 1825 4684 τίς
1839 4615 1893 4673 τοῦ
1909 4607 1975 4690 βίου
1990 4609 2172 4682 τελευτῆς.6

1348 5043 1495 5126 sioriam,
1514 5043 1605 5131 quod
1627 5044 1739 5114 nullus
1757 5043 1883 5120 dubito,
1899 5040 2068 5112 serviliter
2082 5056 2173 5109 sum

1348 5155 1456 5242 psisso
1472 5172 1490 5222 a
1506 5155 1635 5224 Ruffino
1653 5155 1824 5246 ditandus,
1842 5153 1898 5241 qui
1920 5171 1956 5223 se
1972 5153 2108 5223 audisse
2124 5151 2170 5219 rei

1348 5267 1520 5336 historiam
1536 5269 1577 5336 ab
1589 5269 1753 5338 Aedesio
1744 5285 1816 5354 rose
1827 5267 1964 5336 namat
1955 5286 1989 5336 m
2006 5285 2068 5335 sua
2085 5267 2165 5336 nist

1347 5377 1435 5447 Eeol.
1452 5381 1477 5462 l,
1493 5401 1535 5464 m,
1553 5387 1586 5448 et
1607 5381 1770 5460 affirmant
1787 5383 1942 5450 socrates
1958 5387 1993 5450 ot
2008 5380 2171 5464 Nicepho

1347 5509 1407 5559 rue
1429 5491 1464 5558 in
1486 5491 1569 5561 loois
1593 5451 1711 5576 antis,
1736 5498 1770 5560 et
1793 5497 1947 5560 nostrum
1970 5491 2171 5577 compilasse

1349 5603 1487 5690 abipso
1511 5603 1634 5673 seimus
1675 5603 1795 5672 Gelasii
1820 5605 1948 5672 comm.
1971 5601 2044 5670 Aet
2070 5603 2171 5670 Cone.

1348 5715 1416 5786 Nic.
1438 5717 1510 5786 Lib.
1525 5719 1550 5802 Ι,
1574 5655 1728 5838 Ρτὸοι
1754 5719 1832 5802 Cap.
1849 5717 1921 5786 tm
1945 5716 2063 5800 Mami,
2088 5714 2172 5782 Coit

1350 5830 1450 5899 Cone.
1474 5831 1514 5914 ΙΙ,
1539 5830 1641 5900 todo
1665 5833 1699 5899 et
1721 5827 1810 5897 aiibi.
1915 5839 1920 5866 ¹
