4594 6452
1218 287 1274 312 ..,.
1297 250 1433 338 112..

459 427 545 482 nare
571 407 681 500 magis
710 425 815 500 quam
844 406 1009 497 erigere:
1036 394 1067 438 ⁶⁶
1085 407 1120 476 et
1155 401 1283 476 multae

459 534 731 618 misericordiae,
762 535 926 626 quoniam
953 531 1054 604 valdo
1081 529 1285 621 multiplicat

458 661 718 734 misericordias
757 663 799 734 iis
828 661 888 752 qui
916 664 1144 742 suntnunc,
1174 663 1208 731 et
1238 658 1282 730 iis

459 792 521 882 qui
548 791 812 881 praeterierunt,
842 796 877 863 et
904 787 947 862 iis
976 787 1036 879 qui
1063 787 1168 859 iuluri
1187 791 1281 858 sunt.

459 907 489 952 ⁶⁷
506 917 543 990 Si
571 919 664 990 euim
692 935 764 990 non
784 915 1064 1006 multiplicaverit
1086 913 1282 987 misericor·

460 1043 536 1118 dias
564 1062 672 1116 suas:
710 1062 782 1116 non
814 1043 941 1134 poterit
968 1043 1145 1116 saeculum
1173 1041 1281 1114 vivili·

459 1169 531 1246 cari
560 1189 639 1243 cum
666 1171 710 1244 iis
739 1171 800 1261 qui
827 1167 1020 1242 inhabitant
1046 1168 1082 1239 in
1110 1184 1164 1239 eo.
1194 1157 1223 1200 ⁶⁸
1241 1167 1284 1238 Et

459 1299 632 1372 donator:
670 1297 836 1389 quoniam
864 1299 895 1370 si
931 1315 1003 1368 uon
1030 1294 1210 1368 donaverit
1245 1293 1283 1365 in

457 1425 615 1499 bonitate
642 1443 716 1507 sua,
737 1429 776 1496 ul
802 1423 994 1496 alleventur
1012 1421 1122 1512 iniqui
1153 1421 1196 1494 de
1220 1393 1283 1494 ini·

460 1553 591 1644 quitate
617 1571 692 1635 sua,
721 1556 756 1624 et
782 1553 814 1624 si
840 1569 913 1624 uon
931 1551 955 1636 ³,
984 1569 1057 1624 non
1083 1555 1204 1640 posset
1229 1549 1281 1620 vi·

459 1681 592 1753 viduari
620 1699 712 1752 unus
740 1698 784 1752 ex
812 1679 934 1752 decem
952 1675 1119 1775 ,millibus
1147 1695 1191 1748 ex
1218 1675 1282 1748 ho·

460 1807 626 1878 minibus.
664 1795 693 1839 ⁶⁹
721 1805 763 1878 Et
785 1804 894 1896 iudex
910 1829 926 1874 :·
949 1805 1115 1894 quoniam
1142 1801 1174 1874 si
1209 1821 1282 1909 non

461 1931 640 2023 agnoverit
657 1950 701 2004 ex
719 1932 833 2004 anima
853 1949 974 2004 eornm
995 1931 1055 2020 qui
1075 1929 1180 2002 creati
1199 1935 1283 2002 sunt

460 2059 568 2134 verbo
595 2060 682 2149 ejus,
708 2063 743 2131 et
770 2057 898 2130 oblitus
926 2057 1060 2130 fuerit·
1088 2054 1281 2128 multitudi-

460 2203 543 2259 nem
570 2173 932 2276 iniquitatis‘enrum:
962 2189 996 2256 et
1023 2184 1054 2256 sl
1082 2201 1179 2265 nnn,
1208 2199 1282 2254 non

461 2311 762 2401 derelinqueretur
781 2329 825 2383 ex
852 2309 1097 2384 innumerabili
1124 2308 1280 2382 multitu·

462 2435 555 2517 dine,
575 2437 643 2508 nisi
663 2435 762 2509 valde
781 2437 895 2526 pauci.

513 2565 598 2645 Vlll,
627 2554 702 2634 ¹llt
729 2563 920 2654 respondit,
950 2567 985 2634 et
1012 2561 1099 2634 dixit
1125 2560 1169 2633 ad
1197 2577 1278 2633 me:

461 2691 535 2763 lloo
571 2689 750 2765 saeculum
786 2689 867 2762 lecit
902 2686 1101 2760 ditissimus
1137 2691 1282 2775 propter

461 2815 590 2888 multos
605 2869 615 2898 ,
633 2815 798 2896 'loturum
826 2821 940 2888 autom
968 2819 1110 2904 proptor
1136 2831 1280 2904 paucos.

461 2931 476 2978 ²
499 2942 679 3032 Exponam
698 2947 812 3014 autem
840 2941 1136 3014 similitudinem·
1163 2957 1280 3014 coram

448 3047 520 3153 te,
558 3071 704 3142 olizra.
734 3069 916 3157 Quomodo
953 3066 1182 3157 interrogabis
1210 3073 1278 3139 ter·

462 3215 560 3281 ram,
589 3205 624 3270 et
651 3197 742 3272 dicet
768 3195 855 3279 tibi,
885 3211 1072 3285 quemnam
1100 3193 1279 3288 pulvorem

461 3323 520 3400 det
547 3324 846 3406 abundantiorem,
876 3323 1030 3404 illumne,
1056 3340 1100 3394 ex
1127 3339 1198 3412 qno
1225 3325 1280 3413 est

460 3453 588 3542 argilla,
610 3471 654 3523 an
681 3453 791 3532 illurn,
820 3469 863 3523 ox
883 3467 952 3539 quo
981 3453 1034 3520 est
1052 3465 1198 3519 aurum:
1227 3447 1280 3518 sic

461 3586 515 3652 est
532 3585 628 3652 actus
646 3576 750 3668 hujus
765 3577 905 3650 saeculi.
927 3565 1046 3648 'Multi
1060 3573 1165 3658 creati
1184 3579 1277 3657 sunt,

460 3703 526 3786 sed
542 3705 643 3794 pauci
661 3704 801 3776 fuerunt
819 3701 950 3774 salvati.
1246 3790 1250 3798 Χ

473 3903 476 3910 Δ
514 3821 588 3904 ‘lit
614 3830 791 3922 respondi,
812 3837 847 3903 et
865 3827 959 3938 dixi:
986 3825 1145 3900 llbsnrbe
1164 3827 1279 3898 anima

461 3973 545 4040 mea,
565 3975 721 4040 sensum,
751 3965 786 4030 et
811 3955 893 4028 bibe
921 3973 981 4028 cor
1008 3971 1126 4026 meum
1152 3954 1277 4034 intelli·

461 4085 622 4174 gentiam.
652 4075 787 4156 ⁵Venis
806 4085 899 4155 enirn
918 4084 994 4155 sine
1013 4081 1188 4154 voluntate
1207 4089 1276 4164 tna,

460 4217 495 4282 et
521 4210 694 4314 abiscum
722 4227 794 4282 non
810 4182 876 4282 vis.
904 4209 980 4281 lion
1004 4209 1098 4280 euim
1118 4206 1208 4280 data·
1223 4213 1277 4281 est

460 4337 523 4416 tibi
541 4343 705 4428 potestas,
727 4339 795 4410 nisi
813 4335 1031 4410 solummodo
1050 4336 1087 4408 in
1106 4335 1173 4408 vita
1195 4341 1279 4409 tem·

460 4461 558 4558 p'oris
582 4465 709 4556 exigui.

458 4655 463 4664 .
513 4581 574 4664 ⁶0
603 4593 799 4666 dominator
820 4589 976 4673 bomine,
997 4588 1026 4662 sl
1042 4587 1148 4680 iubes
1174 4605 1276 4661 servo

460 4727 532 4803 turo,
553 4718 660 4793 orabo
688 4737 805 4793 coram
832 4725 878 4801 te,
907 4723 941 4790 et
968 4717 1066 4790 dabis
1095 4715 1198 4790 nobis
1220 4733 1276 4788 se-

459 4864 541 4920 men
569 4853 604 4920 et
630 4847 797 4921 culturam
818 4843 933 4918 cordis
960 4843 1053 4927 novi,
1074 4843 1167 4916 unde
1194 4841 1279 4915 liant

459 4975 603 5058 iructus,
623 4981 662 5047 ut
678 4975 794 5046 vivere
812 4969 923 5063 possit
941 4988 1045 5044 omne
1062 4977 1275 5063 corruptum,

313 5113 318 5120 ·
460 5077 556 5192 quod
583 5099 720 5172 vestivit
755 5099 899 5171 formam
936 5095 1099 5170 hominis.
1138 5083 1151 5130 ⁷
1180 5097 1276 5168 Unus

460 5229 553 5302 enlm
581 5243 644 5308 es,
674 5232 707 5298 et
733 5225 914 5318 plasmatio
943 5242 1011 5296 una
1038 5241 1161 5296 snmus
1188 5241 1275 5306 nos,

460 5373 550 5446 opus
568 5349 733 5427 manuum
760 5357 908 5435 tuarum,
928 5352 1019 5424 sicut
1042 5348 1180 5424 dixisti:
1209 5339 1224 5384 ⁸
1243 5354 1277 5422 ol

459 5479 638 5558 vivificans
666 5481 817 5554 vivificas
845 5479 947 5554 nobis
967 5461 1115 5552 nuncin
1135 5479 1277 5554 matrice

462 5625 613 5698 corpus,
651 5608 747 5699 quod
787 5607 989 5698 plasmasti,
1019 5613 1053 5680 et
1093 5605 1276 5698 componis

459 5733 639 5818 membra,
673 5739 708 5808 et
734 5739 958 5809 conservatur
985 5734 1112 5809 creatio
1145 5741 1203 5809 tua
1239 5733 1277 5808 ln

1375 404 1455 494 igne
1482 407 1517 476 ct
1543 419 1653 496 aqua:
1682 409 1717 478 ot
1743 421 1869 480 novem
1899 405 2097 482 mensibus
2124 413 2202 500 pati-

1374 535 1430 602 lur
1456 535 1514 603 tua
1532 531 1711 620 plasmatio
1731 539 1927 606 creaturam
1949 551 2064 626 quam
2083 541 2202 612 creasti

1375 659 1465 732 iutra
1490 675 1587 730 eam:
1614 649 1764 750 'ipsum
1791 667 1908 734 autem
1940 655 2045 753 duod
2068 673 2201 757 servat,

1376 791 1411 860 et
1436 787 1532 877 quod
1558 794 1726 870 servatur,
1755 796 1904 880 utraque
1932 779 2202 866 conservatione
2288 861 2289 894 ³

1375 913 1564 1003 tuiipsius
1592 921 1866 988 conservantur:
1898 923 1940 990 et
1965 918 2117 1008 qnando
2145 921 2202 994 ite

1375 1059 1452 1114 rum
1467 1040 1582 1114 reddit
1600 1041 1734 1126 matrix,
1751 1043 1848 1133 qnod
1866 1043 1998 1118 lactum
2018 1053 2079 1120 est
2098 1047 2136 1120 in
2154 1043 2202 1130 ed,

1377 1155 1593 1256 ¹⁰imperasti
1613 1173 1651 1240 ut
1668 1185 1713 1240 ex
1731 1167 1816 1258 ipsis
1836 1171 2009 1246 membris
2026 1175 2201 1256 essetlac

1320 1311 1327 1318 ·
1374 1293 1506 1366 fructus
1520 1294 1749 1366 mamillarum
1763 1295 2007 1385 plenitudinis,
2025 1289 2099 1372 “ut
2113 1301 2203 1392 quod

1374 1421 1582 1512 plasmatum
1610 1425 1664 1491 est
1690 1419 1862 1492 nutriatur
1889 1439 2007 1514 usque
2046 1427 2088 1500 in
2120 1433 2201 1500 lem

1374 1565 1442 1640 pus
1462 1547 1650 1630 modicum,
1670 1554 1704 1620 et
1721 1555 1843 1637 postea
1861 1549 2026 1640 disponis
2055 1553 2148 1628 illud
2171 1555 2202 1628 in

1376 1683 1433 1772 tna
1453 1675 1702 1749 misericordia.
1724 1667 1752 1712 ¹¹
1766 1679 1808 1750 Et
1826 1681 1962 1752 enutris
1981 1679 2076 1754 illud
2095 1683 2203 1756 intua

1372 1801 1516 1892 iustitia,
1536 1803 1707 1876 eterudis
1726 1803 1867 1900 illudio
1895 1807 1974 1896 lege
1994 1811 2068 1890 tua,
2091 1816 2127 1880 et
2154 1809 2201 1880 in·

1375 1927 1481 2002 struis
1509 1927 1596 2000 illud
1614 1929 1650 2000 in
1678 1935 1737 2001 tuo
1765 1929 1965 2004 intellectu:
1996 1923 2028 1966 ¹³
2048 1939 2086 2006 et
2114 1953 2201 2010 mor·

1375 2055 1485 2128 tilicas
1512 2056 1618 2139 illud,
1648 2061 1686 2128 ut
1716 2063 1810 2130 tuam
1838 2065 2063 2132 creaturam:
2094 2069 2130 2134 et
2156 2057 2201 2136 vi·

1374 2181 1492 2254 vificas
1519 2183 1629 2265 illud,
1658 2189 1696 2256 nt
1723 2201 1813 2272 opus
1841 2191 1955 2258 tuum.
1993 2173 2024 2220 ¹⁸
2052 2187 2093 2260 Si
2123 2207 2200 2278 ergo

1374 2309 1556 2382 confestim
1584 2316 1619 2382 et
1646 2309 1804 2382 celeriter
1831 2311 1954 2400 perdis
1982 2311 2079 2396 boc,
2111 2315 2202 2404 quod

1373 2433 1441 2506 boc
1468 2439 1539 2506 totu
1567 2433 1686 2508 labore
1713 2435 1823 2506 multo
1842 2436 2056 2526 plasmatum
2087 2448 2142 2512 est
2167 2443 2201 2512 iu

1369 2561 1473 2652 iussu
1499 2567 1580 2634 tuo:
1610 2569 1645 2634 et
1670 2567 1819 2653 propter
1842 2562 1930 2654 qnid
1958 2583 2045 2656 ergo
2075 2567 2171 2640 luiti

1428 2678 1456 2722 ¹⁵
1475 2689 1516 2760 lit
1542 2707 1636 2764 nunc
1667 2689 1788 2762 dicens
1817 2687 1891 2762 dixi
1930 2691 1976 2765 de
2004 2695 2104 2766 omni
2141 2695 2200 2768 bo·

1327 2911 1331 2920 Ι
1374 2815 1493 2886 mine:
1522 2815 1672 2888 maximo
1699 2823 1813 2888 autem
1850 2821 1888 2888 tu
1921 2819 1993 2892 scis
2023 2821 2124 2910 qnod
2160 2821 2201 2894 dc

1373 2943 1503 3033 populo
1539 2950 1600 3014 tuo
1632 2943 1758 3016 doleo:
1798 2934 1827 2977 ¹⁶
1855 2949 1889 3016 et
1927 2945 1972 3019 do
2010 2946 2200 3022 hereditate

1373 3075 1451 3151 tua,
1481 3075 1621 3160 propter
1649 3087 1752 3160 quam
1780 3073 1905 3159 lugeo:
1935 3075 1972 3142 et
1999 3070 2046 3144 de
2074 3074 2198 3156 lsrael.

1372 3202 1515 3288 propter
1550 3214 1656 3286 quern
1692 3196 1802 3268 tristis
1840 3213 1945 3268 sum:
1986 3202 2022 3270 et
2059 3199 2107 3272 de
2145 3219 2199 3274 se·

1372 3325 1467 3398 mine
1507 3323 1651 3422 Jacob„
1670 3329 1813 3414 propter
1848 3324 1947 3414 quod
1976 3328 2199 3400 conturbor:

1373 3439 1402 3530 ¹,⁷
1418 3451 1498 3524 ideo
1526 3469 1607 3524 ecee
1634 3451 1798 3541 incipiam
1826 3468 1937 3533 orare,
1969 3457 2005 3524 et
2033 3453 2198 3543 depreca-

1372 3573 1438 3650 bor
1465 3591 1580 3665 coram
1608 3580 1642 3646 te
1668 3591 1733 3664 pro
1762 3591 1829 3655 me,
1850 3581 1885 3646 et
1912 3591 1977 3665 pro
2004 3577 2083 3650 eis:
2114 3597 2197 3670 quo

1372 3703 1466 3774 niam
1493 3720 1574 3774 ecce
1603 3701 1702 3774 video
1721 3701 1840 3791 lapsus
1867 3710 2030 3776 nostrum
2060 3708 2123 3796 qui
2149 3711 2199 3782 in

1371 3827 1567 3934 babitamus
1587 3829 1623 3901 in
1651 3829 1812 3936 saeculo..
1833 3818 1862 3862 ¹⁸
1881 3829 1952 3902 Sed
1971 3837 2007 3903 et
2027 3851 2126 3906 nnnc
2143 3853 2199 3906 au·

1373 3953 1443 4028 divi
1464 3955 1640 4028 decretum
1664 3953 1786 4045 iudicii
1814 3953 1931 4027 loturi.
1962 3943 1993 3990 ¹⁹
2012 3957 2098 4030 lden
2118 3960 2197 4032 andi

1371 4099 1494 4155 vocem
1522 4087 1687 4154 meamet
1712 4081 1867 4154 ausculta
1894 4079 2000 4154 verba
2029 4087 2197 4158 orationis

1372 4223 1480 4294 meae,
1511 4215 1545 4284 et
1570 4210 1693 4302 loquar
1720 4223 1836 4310 ouram
1863 4212 1908 4290 te,
1929 4207 2194 4284 boninebeos

1372 4353 1484 4408 meus.

1363 4629 1383 4646 ···
1469 4609 1592 4663 llllrlttll
1608 4609 1786 4664 VERBORUM
1805 4611 1978 4670 OllsslONlS
1998 4611 2106 4666 m
2127 4643 2131 4650 ·

1433 4736 1522 4799 Quod
1540 4737 1661 4792 ORAVH
1678 4739 1862 4801 rulosouau
1881 4739 2132 4794 assumeres.

1387 5033 1390 5040 .
1424 4959 1456 5007 ¹⁰
1483 4972 1628 5046 Domine
1660 4971 1722 5063 qui
1747 4971 1883 5047 babilas
1920 4975 1957 5046 in
1984 4981 2194 5060 aeternnm,

1373 5095 1472 5185 cujus
1489 5099 1679 5189 ,superiora
1706 5085 1847 5183 elevata,
1869 5105 1903 5174 et
1931 5101 2136 5176 mansiones
2158 5105 2197 5176 in

1372 5241 1471 5298 aere:
1499 5215 1529 5260 ¹¹
1550 5226 1648 5317 ouius
1667 5225 1814 5304 thronus
1842 5229 2050 5318 immensus,
2071 5236 2107 5304 el
2125 5233 2198 5324 glo

1340 5346 1354 5358 ''
1371 5349 1423 5422 ria
1449 5349 1846 5443 incomprebensibiiisz'
1866 5355 1922 5428 cui
1950 5362 2066 5430 astant
2091 5376 2194 5432 exer-

1372 5477 1460 5551 citus
1479 5495 1558 5552 cum
1577 5477 1712 5563 timore,
1732 5469 1762 5516 ²¹
1775 5479 1876 5570 cujus
1890 5481 1998 5556 verbo
2017 5483 2057 5554 in
2076 5483 2195 5574 ignem

1371 5607 1406 5677 et
1440 5609 1580 5678 ventum
1608 5611 1880 5680 convertuntur:
1909 5605 2011 5697 cujus
2044 5611 2194 5684 verbum

1348 5721 1515 5818 'verum,
1545 5739 1579 5808 et
1605 5753 1721 5810 sermo
1748 5753 2001 5828 perseverans:
2039 5729 2073 5774 ¹³
2094 5743 2196 5834 cuius

2289 5187 2292 5314 l

2290 5881 2292 5994 l

2290 6057 2292 6150 l
