4690 6406
1234 223 1435 290 -ts-‘

1357 406 1429 472 teu.
1443 424 1473 472 o.
1511 403 1699 474 transmitto
1724 403 1783 474 tibi
1807 404 1908 474 edum

1517 522 1551 583 et
1574 516 1666 585 dedit
1689 535 1728 585 ea
1750 515 1799 584 iiii
1824 523 1858 585 et
1880 517 1943 586 fnit

468 413 542 476 iiii.
559 429 589 475 o.
630 425 701 476 mar
722 425 862 476 notrum
884 426 979 478 suam

466 525 534 588 iiiii
628 521 707 590 sede
731 522 765 588 in
789 521 890 614 domo
913 521 1019 608 patris

626 635 674 702 tui
698 633 798 702 uidua
821 647 996 720 quousque

626 752 751 815 crescat
775 746 870 814 selon
894 747 984 814 tilius

627 875 722 926 meus
746 864 779 925 et
803 857 888 925 dabo
912 863 945 926 te
970 858 1018 926 iili

631 971 664 1038 in
689 989 839 1040 uxorem·
864 978 898 1040 et
922 971 1028 1040 creuit

625 1091 659 1152 et
682 1103 749 1152 non
774 1085 925 1170 permisit
947 1085 1021 1153 bat-

627 1213 706 1264 suae
730 1196 826 1264 uxori
850 1195 926 1264 iuda
943 1197 1037 1265 selon
1074 1283 1076 1288 Ι

625 1309 730 1376 tilium
753 1326 851 1375 suurn
875 1309 1001 1394 accipe-

624 1438 660 1488 re
684 1421 783 1488 iliam·
885 1509 888 1517 Ι

603 1535 645 1600 Εῑ
668 1541 799 1602 mortua
824 1551 860 1602 es
884 1533 977 1602 beth-

625 1663 704 1714 suao
728 1663 813 1715 uxor
836 1647 911 1716 iudo
936 1646 970 1713 in
987 1663 1042 1730 an·
1141 1715 1147 1726 ,

627 1777 670 1827 no
694 1759 810 1845 quinto
835 1760 989 1846 septima·

624 1873 864 1941 narum-huius
888 1881 921 1940 et
945 1874 979 1941 in

625 2002 711 2052 anno
737 1993 833 2052 sexto
857 1986 957 2054 huius

626 2097 774 2164 ascendit
798 2097 893 2168 iudas
916 2105 954 2166 ut

625 2209 779 2279 tonderet
804 2228 887 2280 oues
910 2231 968 2280 su-

558 2329 561 2336 ’
625 2341 661 2390 as
685 2323 719 2390 in
743 2331 918 2391 tamnasar·
943 2331 977 2393 et

628 2436 808 2504 indicatum
832 2444 884 2505 est
907 2443 1013 2506 tamar

626 2549 701 2634 quic
726 2567 802 2617 ecce
827 2567 924 2618 socer
947 2557 998 2619 to-

625 2679 665 2730 us
689 2661 837 2730 escondit
860 2670 897 2731 ut
921 2669 994 2731 ton-

626 2775 702 2843 deat
727 2793 809 2844 oues
833 2793 910 2844 suas
934 2777 968 2844 in
993 2783 1076 2845 tam-

626 2894 712 2972 nata·
736 2890 777 2954 ut
799 2888 935 2956 abstulit

627 3019 643 3068 a
669 3018 705 3068 se
729 3001 927 3069 uestimenta
951 3002 1003 3070 ui·

531 3169 538 3180 .
624 3115 759 3184 duitatis
783 3133 863 3184 suae
887 3121 921 3183 et
944 3115 992 3182 in·

627 3225 699 3296 duit
723 3245 759 3294 se
784 3233 897 3296 uestes
921 3227 1007 3313 opti-

626 3355 697 3407 mas
721 3344 755 3406 et
780 3339 912 3407 ornauit
935 3357 972 3408 se
997 3347 1031 3408 et

627 3451 713 3536 sedit
736 3469 833 3522 secus
857 3459 989 3538 portam

626 3565 721 3633 iuxta
745 3567 834 3635 uiam
858 3575 1018 3638 tamnatac

605 3681 646 3746 Et
671 3697 746 3746 cum
770 3680 985 3750 aduenissent

625 3792 719 3860 iudas
743 3793 871 3861 inuenit
894 3812 967 3862 eam

629 3911 662 3974 et
686 3904 874 3973 aestimauit
898 3923 970 3974 eam
994 3908 1060 3976 ior-

560 4045 567 4060 ·
627 4018 784 4087 nicarinm
808 4025 842 4086 et
866 4018 948 4088 dixit
972 4021 1013 4088 ad

626 4129 725 4198 iilam·
750 4130 896 4200 introibo
921 4133 962 4200 ad
986 4141 1018 4201 te

626 4242 797 4311 illedixit·
823 4245 919 4312 intra·
945 4253 977 4314 et
1002 4245 1052 4313 in-

627 4354 741 4422 troiuit
764 4357 806 4424 ad
829 4375 912 4425 eam·
938 4366 971 4426 et

632 4468 714 4538 oirit
738 4469 784 4536 illi
809 4470 850 4538 da
873 4472 952 4539 mini
976 4490 1064 4540 mer·
1176 4539 1180 4550 ,

631 4567 752 4653 cedem'
770 4603 888 4653 meam·
913 4593 946 4654 et
969 4587 1017 4654 di-

629 4699 677 4766 xit
700 4697 765 4768 ilie·
791 4717 857 4768 non
882 4701 989 4788 estin
1014 4719 1081 4776 ma-

633 4830 679 4880 nu
702 4830 776 4882 mea
800 4813 863 4882 nisi
887 4815 1005 4884 anulus

544 4979 548 4988 .
635 4943 735 5012 quem
759 4924 865 4996 habeo
891 4929 924 4996 in
948 4929 1029 5014 digi-

631 5045 666 5106 to
690 5056 776 5107 meo·
802 5047 835 5108 et
857 5040 982 5109 munile

628 5158 661 5220 et
684 5153 840 5221 haculum
864 5153 919 5240 qui
944 5161 995 5224 cst

626 5264 660 5332 in
685 5283 785 5334 manu
810 5283 894 5334 moa·
919 5277 947 5334 ct
969 5267 1019 5334 di-

627 5378 675 5447 xit
697 5378 739 5446 ad
763 5379 859 5448 iilum
882 5379 925 5448 da
948 5379 1028 5448 mihi

629 5508 668 5558 ea
691 5509 865 5580 quousque
890 5501 998 5562 trans-

629 5603 741 5672 mittas
765 5607 953 5676 mercedem

628 5733 747 5786 meam·
774 5721 815 5788 Et
838 5721 921 5790 dixit
944 5721 1040 5810 indas

1411 991 1417 1000 ·
1514 971 1558 1037 sit
1583 971 1629 1037 iili
1654 971 1777 1040 hedum
1802 973 1844 1041 de
1863 989 1934 1041 ma·
2046 975 2048 979 ’

1399 3119 1424 3181 it.

1512 647 1587 697 cum
1612 647 1651 697 ea
1675 635 1708 697 ei
1732 629 1886 717 concepit

1512 759 1553 809 ex
1577 759 1628 810 eo·
1654 749 1687 810 et
1711 743 1790 812 abiit
1813 743 1908 812 iudas

1514 855 1555 924 ad
1581 873 1664 926 oues
1688 864 1722 926 et
1746 858 1899 926 transmi-

1512 1083 1887 1167 mmmmm

1514 1195 1614 1264 oliam
1638 1202 1673 1262 et
1696 1213 1765 1263 non
1788 1196 1881 1264 inue-

1512 1308 1667 1374 niteam·
1692 1309 1735 1376 Et
1759 1307 1901 1377 interro—

1513 1419 1603 1504 gauit
1626 1419 1719 1486 uiros
1742 1418 1808 1488 loci
1832 1419 1922 1486 iilius

1513 1531 1636 1600 dicens·
1662 1531 1733 1636 uni·
1745 1539 1798 1600 est
1821 1533 1890 1602 ior-

1514 1643 1636 1711 nicaria
1659 1643 1715 1712 iila
1739 1661 1824 1730 quae
1848 1653 1919 1714 erat
1977 1717 1980 1724 ,

1511 1755 1574 1822 hic·
1600 1761 1634 1824 et
1657 1755 1813 1825 dixerunt
1837 1755 1885 1822 iiii

1514 1885 1581 1936 non
1606 1875 1658 1936 est
1681 1868 1734 1936 hic
1757 1867 1902 1936 tornica-

1512 1982 1560 2048 ria
1584 1981 1768 2050 nobiscum·
1788 1989 1829 2050 et
1852 1982 1908 2050 iile
1982 2041 1987 2052 .

1516 2103 1690 2164 reuertens
1714 2096 1840 2166 indica·

1512 2211 1561 2278 uit
1584 2210 1681 2280 iudae
1705 2211 1829 2280 dicens·
1855 2227 1923 2278 non
1966 2263 1970 2271 .

1514 2324 1628 2394 inueni
1652 2325 1754 2392 iiiam·
1780 2325 1897 2394 sedet
1921 2310 1925 2316 ’

1512 2437 1715 2522 interrogaui
1739 2438 1832 2508 uiros

1513 2549 1577 2618 ioci
1601 2551 1690 2618 iilius
1715 2557 1749 2618 et
1771 2550 1865 2618 dixe-

1511 2671 1600 2731 runt·
1624 2680 1691 2731 non
1714 2679 1790 2732 esse
1812 2663 1847 2730 in

1514 2777 1571 2844 iilo
1596 2776 1671 2844 loco
1695 2774 1838 2844 tornica-

1513 2889 1606 2958 riam·
1631 2891 1673 2958 Et
1696 2888 1778 2958 dixit
1801 2887 1897 2957 iudas

1515 3003 1634 3072 haheat
1658 3001 1722 3070 illa·
1748 3001 1874 3072 sedne

1511 3116 1597 3182 forte
1622 3115 1751 3184 deridet
1774 3133 1837 3184 nos

1491 3231 1531 3296 ut
1555 3247 1630 3298 cum
1654 3229 1730 3298 iacti
1753 3229 1895 3298 ruissent

1515 3341 1562 3410 iiii
1586 3360 1719 3412 menses
1744 3349 1813 3412 tres
1836 3361 1896 3428 ap-

1512 3455 1622 3540 paruit
1646 3456 1736 3542 quod
1759 3455 1897 3525 haberet

1513 3569 1548 3636 in
1571 3575 1668 3638 utero
1692 3576 1726 3638 et
1749 3568 1919 3636 indicaue-

1512 3686 1590 3748 runt
1614 3679 1711 3748 iudae
1736 3679 1852 3748 dicen·

1515 3799 1574 3861 tes·
1599 3809 1677 3862 ecoe
1701 3793 1830 3862 thamar
1853 3810 1917 3860 nu-

1515 3925 1573 3975 rus
1598 3914 1654 3975 tua
1678 3907 1711 3974 in
1735 3914 1833 3976 utero
1857 3907 1916 3974 ina-

1513 4021 1580 4088 het·
1606 4027 1640 4088 et
1663 4019 1799 4090 aduenit
1821 4019 1917 4088 iudas

1513 4141 1547 4207 in
1571 4139 1708 4208 domum
1732 4139 1835 4225 patris
1859 4140 1964 4207 eiust

1514 4261 1548 4322 et
1571 4253 1654 4322 dixit
1677 4251 1848 4339 patrisne
1872 4259 1907 4322 et

1511 4367 1669 4436 fratribus
1693 4367 1775 4436 eius·
1804 4367 1930 4454 produ-

1514 4479 1578 4546 cite
1602 4479 1692 4546 illam
1715 4479 1803 4548 foras
1827 4487 1861 4548 et

1514 4591 1717 4661 conburatur
1739 4593 1815 4677 igne
1839 4609 1923 4678 quo-

1514 4703 1602 4772 niam
1627 4704 1705 4773 iecit
1727 4691 1896 4772 inmundi-

1513 4817 1594 4884 tiam
1617 4816 1651 4882 in
1675 4815 1812 4884 istrahel

1492 4931 1533 4996 Et
1556 4929 1678 4996 iactum
1701 4936 1753 4997 ost
1777 4945 1853 4998 cum
1878 4947 1957 5016 nro-

1514 5042 1693 5110 duceretur
1714 5049 1752 5110 ut
1776 5042 1873 5112 arde-

1506 5136 1565 5222 xret
1591 5153 1772 5226 transmisit
1796 5173 1893 5224 soce-

1517 5285 1555 5335 ro
1580 5285 1642 5336 suo
1666 5269 1802 5338 anulum
1826 5276 1860 5340 ct
1883 5287 1957 5340 mu-

1516 5383 1617 5451 nilem
1641 5389 1675 5452 et
1698 5383 1827 5469 uirgam
1850 5392 1885 5452 et

1514 5495 1596 5564 dixit
1619 5513 1783 5582 cognosco
1806 5499 1897 5568 mins

1513 5611 1942 5700 smmmmm

1512 5721 1546 5790 in
1570 5729 1666 5802 utero
1691 5724 1807 5796 habeo·
1832 5736 1861 5796 ct
