4652 6408
746 289 1286 484 333333333

305 673 890 862 Plnvln
1025 663 1733 880 8888818

522 999 1193 1332 nssbmnvlchvls
1248 1181 1521 1338 mosis

379 1481 467 1560 811
522 1480 819 1562 1181881
873 1482 1284 1570 1181181088
1338 1491 1637 1574 LthNh

787 1747 1214 1768 Ἢ-

197 2135 420 2245 Rescriptum
466 2139 650 2239 codicem,
697 2139 741 2220 de
786 2163 857 2243 quo
897 2137 971 2218 dini
1036 2141 1241 2250 Aethiopica
1258 2169 1321 2248 per
1340 2146 1486 2230 eundem
1504 2149 1677 2232 Dillmann
1697 2153 1732 2232 in
1759 2154 1863 2234 1313-

145 2273 177 2350 13
209 2272 426 2352 Praelatione
452 2270 497 2352 38
525 2273 770 2373 Fragmentum
788 2271 973 2372 Evangelii
1037 2267 1181 2352 baecher
1226 2273 1288 2354 der
1329 2275 1423 2356 BW.
1471 2277 1572 2358 editis
1616 2281 1662 2360 ab
1711 2283 1860 2380 83318,

144 2404 178 2483 S.
191 2403 329 2498 lucae,
358 2408 468 2480 totum
496 2399 584 2500 legi,
613 2399 677 2478 vix
704 2399 787 2478 ullis
804 2399 970 2502 exceptio,
1035 2399 1152 2480 Jahrb.
1183 2401 1229 2500 11,
1256 2403 1313 2483 111.
1335 2404 1526 2508 Utrumque
1544 2429 1633 2509 opus
1651 2411 1860 2511 comparavi,

143 2542 189 2612 et*
219 2529 338 2610 inveni
366 2527 574 2628 Fragmenta
618 2527 766 2608 duorum
802 2549 970 2631 operum,
1034 2551 1080 2607 33
1107 2553 1254 2631 quorum
1284 2533 1496 2636 inspectione
1521 2538 1634 2636 magis
1658 2546 1770 2618 molus
1795 2541 1859 2636 lui,

143 2683 247 2760 quae,
276 2663 445 2762 quantum
473 2657 568 2754 novi,
598 2655 727 2736 inedita
753 2665 844 2755 sunt,
874 2657 973 2760 prius
1035 2663 1072 2736 ut
1100 2660 1201 2738 etiam
1229 2661 1423 2744 versionem
1449 2663 1587 2744 Pareae
1617 2665 1760 2746 Genesis
1784 2669 1859 2746 lati-

144 2789 251 2891 idqne
278 2787 383 2886 longe
409 2787 562 2866 maxima
589 2809 671 2888 pars
699 2785 829 2866 codicis
856 2783 972 2887 quoad
1034 2809 1113 2865 nam
1144 2787 1358 2890 evulgarcm.
1395 2789 1614 2894 Quamquam
1649 2795 1740 2874 eninr
1774 2797 1860 2876 haec
1930 2845 1934 2852 ·

144 2917 340 2996 versionem
357 2915 510 3010 latinam,
529 2913 675 2994 alterum
694 2929 779 2992 vero
797 2911 972 2992 crederem
1033 2914 1155 2996 mutila
1181 2916 1226 2996 sit
1253 2919 1379 3000 mirum
1412 2920 1447 3000 in
1481 2921 1639 3018 modum,
1672 2923 1859 3028 plurimum

15 3055 19 3064 '
141 3045 294 3126 omnino.
338 3043 434 3124 Folia
474 3043 567 3122 enim
610 3043 658 3122 lb
697 3042 973 3146 complectuntur
1035 3051 1148 3124 133333
1176 3048 1331 3128 conlerre
1358 3047 1570 3154 deprehendi
1589 3052 1625 3130 in
1644 3053 1724 3130 crisi
1737 3061 1859 3132 133133

142 3173 261 3275 paullo
285 3171 365 3276 plus
383 3195 488 3274 quarn
507 3179 665 3274 quartam
684 3178 817 3275 partem
837 3172 972 3252 Porooe
1034 3173 1114 3253 iibri
1142 3176 1263 3256 nostri.
1284 3177 1453 3280 liquidem
1480 3203 1550 3259 non
1578 3181 1720 3279 issum,
1751 3184 1811 3284 qui
1840 3207 1859 3260 3

143 3302 308 3398 (leceris,
335 3325 397 3382 seu
425 3299 525 3380 libri
549 3299 802 3395 Jubiloeororn,
831 3301 854 3378 8
887 3323 971 3378 vero
1033 3300 1162 3382 codicis
1180 3312 1291 3386 331313
1310 3305 1464 3408 ejusdem
1483 3307 1670 3388 honitatem
1684 3309 1856 3412 judicem;

141 3437 274 3532 partem
307 3428 563 3534 Arccmpb'ocia
600 3426 729 3522 113313,
770 3429 885 3508 omnia
926 3453 970 3508 en
1032 3429 1095 3510 sed
1122 3431 1254 3534 aliquid
1281 3457 1365 3512 3333
1392 3441 1443 3512 est
1470 3458 1552 3538 pars
1580 3435 1659 3514 libri
1687 3459 1707 3515 3
1738 3437 1857 3516 338133

142 3561 249 3640 veteri
282 3559 389 3640 latina
422 3559 592 3639 versione.
626 3559 677 3638 De
705 3565 852 3662 utroque
880 3558 969 3640 libro
1032 3557 1143 3660 quinti
1171 3559 1291 3657 seculi,
1306 3561 1420 3662 cujus
1447 3560 1551 3640 editio
1567 3563 1618 3642 ab
1643 3565 1857 3666 apographis

9 3685 14 3698 '
140 3697 170 3764 31
198 3687 245 3768 83
273 3687 393 3770 338133
419 3709 542 3791 33333.
1030 3689 1275 3768 recentissimis
1303 3689 1391 3769 lacta
1419 3696 1481 3788 est,
1511 3713 1660 3792 quorum
1687 3691 1856 3772 conditio-

192 3817 280 3896 Fere
313 3823 421 3896 totum
455 3815 661 3918 rescriptum
688 3814 842 3896 codicem
876 3813 968 3915 lege
1029 3841 1108 3898 nem
1136 3819 1253 3921 paullo
1280 3828 1477 3924 corruptam
1504 3821 1580 3924 ipse
1603 3819 1713 3900 editor
1731 3821 1857 3902 latetur

138 3969 230 4040 ram,
264 3956 300 4026 31
331 3944 418 4048 quid
450 3943 734 4048 complecteretur
774 3942 966 4044 depreben—
1029 3947 1065 4026 in
1084 3947 1298 4028 Praelatione
1315 3949 1360 4030 ad
1378 3949 1459 4030 edit.
1475 3950 1730 4056 Aethiopicam
1750 3950 1855 4054 idque
1943 3953 1953 3971 ’

138 4075 258 4156 rloram
286 4075 401 4156 33113
428 4095 520 4175 quae
545 4095 589 4150 cx
618 4071 769 4175 antiquis
797 4071 968 4152 habentur
1029 4076 1137 4156 multo
1164 4077 1277 4176 magis
1304 4077 1333 4156 si
1358 4079 1445 4158 haee
1463 4102 1544 4182 pars
1563 4079 1665 4160 aliam
1685 4079 1854 4178 originem

139 4203 233 4306 apud
261 4205 474 4300 Fabricium,
505 4201 588 4288 838.
623 4201 748 4280 Pseud.
784 4202 825 4282 v.
861 4202 966 4296 lost,
1030 4205 1145 4286 habet.
1175 4205 1277 4302 Quod
1305 4227 1389 4286 vero
1416 4207 1606 4286 maximum
1633 4215 1702 4305 est,
1736 4215 1853 4286 nostra

141 4335 230 4414 lidit.
259 4335 302 4432 ll,
332 4336 371 4414 1.
401 4335 427 4430 1,
455 4357 490 4438 p.
521 4333 680 4426 8311-11,
707 4332 965 4426 81333333
1028 4335 1153 4433 versio,
1174 4343 1213 4416 ut
1231 4336 1357 4438 cuique
1375 4344 1484 4440 patet,
1511 4337 1572 4439 qui
1590 4337 1651 4416 vix
1675 4337 1851 4440 inspiciat,

140 4461 243 4544 incidi
272 4463 309 4542 in
328 4463 485 4542 notitiam
504 4457 605 4540 Libri
619 4457 857 4538 Jub'locorem
875 4479 965 4538 anno
1027 4462 1113 4542 adeo
1141 4471 1245 4544 tenax
1272 4471 1325 4544 est
1351 4464 1512 4545 llehraici
1534 4466 1715 4568 archetypi
1733 4474 1851 4544 eontra

139 4589 258 4693 elapso
285 4589 367 4670 editi
395 4615 417 4670 a
443 4589 629 4685 billmann,
658 4611 762 4690 quem
781 4587 843 4666 vin
862 4585 964 4666 dubi·
1003 4663 1007 4672 ,
1028 4591 1124 4692 13333
1152 4592 1246 4696 ipsas
1272 4593 1399 4676 latinae
1426 4595 1578 4695 linguae,
1607 4594 1851 4697 3131338813-

139 4722 209 4798 1331
238 4743 348 4800 unum
374 4718 536 4820 idemque
563 4739 639 4798 esse
666 4741 745 4798 curn
763 4718 879 4796 l’orvo
900 4714 966 4794 Ge·
1027 4719 1136 4802 simus
1163 4723 1260 4801 testis
1285 4723 1330 4802 sit
1358 4721 1528 4804 habenda.
1557 4724 1645 4802 Num
1673 4722 1850 4802 tamenab

140 4849 226 4926 3331.
246 4847 334 4928 Cum
354 4869 437 4926 vero
461 4845 642 4926 occasione
660 4831 735 4926 1331
763 4845 965 4928 Porisiensis
1028 4849 1185 4928 Hebraeo
1211 4849 1406 4934 immediate
1438 4851 1602 4954 proluat,
1637 4873 1707 4930 non
1739 4851 1849 4930 ausim

140 4976 271 5056 itineris
298 4976 567 5076 interrogassem
599 4975 642 5054 ll.
678 4976 888 5076 Zetenherg,
920 4976 965 5056 38
1028 4975 1208 5072 affirmare,
1237 4998 1316 5056 curn
1344 5001 1363 5056 e
1391 4975 1522 5058 Graeca
1549 4977 1708 5058 versione
1727 4979 1771 5058 ab
1790 4978 1849 5056 illo

139 5127 260 5208 quem,
295 5127 360 5184 ceu
392 5105 515 5186 hamum
547 5127 664 5186 rerum
704 5104 964 5208 peritissimum,
1028 5104 1199 5184 serviliter
1226 5127 1391 5208 expressa
1423 5107 1574 5210 potuerit
1605 5115 1722 5188 nostra
1755 5107 1848 5186 illius

138 5215 193 5312 333
213 5233 391 5314 remiserat
408 5231 576 5330 11313338,
597 5232 777 5314 Societatis
795 5231 966 5314 Asiaticae
1028 5231 1218 5314 idiotismos
1258 5233 1397 5332 referre,
1440 5243 1478 5316 ut
1518 5244 1611 5338 patet
1647 5236 1774 5316 laetmn
1812 5235 1847 5314 in

139 5362 345 5442 herisiensis
371 5361 553 5456 Praesidio,
582 5367 659 5457 elo,
688 5359 746 5439 ille
773 5360 881 5441 dubia
898 5362 964 5442 bu·
1027 5361 1204 5440 veteribus
1236 5363 1456 5444 versionibus
1483 5362 1603 5454 latinis
1635 5363 1848 5444 Psalmorunr

139 5491 340 5572 manissime
365 5489 509 5572 resolvit
536 5513 577 5570 ac
604 5489 783 5570 certiorem
812 5489 891 5570 iecit
924 5489 967 5570 de
1029 5489 1182 5568 ehllh·
1215 5489 1373 5590 Diligens
1404 5491 1484 5572 libri
1520 5513 1666 5572 examen
1702 5491 1747 5572 od
1783 5492 1848 5570 hoo

139 5618 233 5700 38113
255 5617 463 5724 jampridem
497 5619 655 5702 versione
686 5613 890 5698 Germanica
922 5637 966 5696 ex
1030 5615 1222 5696 institutum
1254 5617 1373 5696 ollcrct
1406 5620 1549 5698 13313333
1589 5619 1780 5700 locutiones
1813 5627 1846 5698 et
1931 5723 1934 5728 Ι

1619 5785 1636 5828 b
