4594 6452
1232 238 1435 307 -ιιο-
1552 199 1555 206 ’

467 399 525 468 τῆς
540 389 692 482 ἱερωσύνης
706 389 763 462 τὴν
778 391 966 483 λειτουργίαν
985 383 1164 469 ὑπεδέξατο·
1176 387 1238 470 ὀίος
1254 385 1291 458 δέ

468 497 505 574 {n
527 505 690 594 νουνεχείᾳ,
704 505 757 569 καὶ
771 513 811 590 τῇ
835 497 981 586 εύσεύείᾳ,
1001 505 1054 570 καί
1069 513 1111 592 τῇ
1133 503 1218 572 κατά
1233 505 1291 578 τήν

467 603 633 685 ἐκκλησίαν
645 607 838 694 διατυπώσει,
846 616 888 682 τοὶ
897 608 966 693 ἐξής
974 625 1044 706 ήμῑν
1056 609 1194 688 δηλόυσιι.
1203 617 1291 682 Γνόν-

467 749 518 802 τες
532 729 630 792 τοίνυν
646 736 673 792 οί
690 729 841 817 αίρετικοί,
856 729 903 792 ὅτι
918 739 976 803 τῆς
990 732 1155 805 ἐκκλησίας
1170 720 1290 820 ἐξάρχει

468 837 766 918 ὁθόίοςἈθανάσιος,
781 840 823 906 τά
835 840 889 930 μὲν
902 851 1008 931 πρῶτα
1024 842 1192 922 συνέπεσον,
1209 838 1291 918 αὖθις

468 945 503 1020 δέ
516 953 611 1026 ούτως
623 958 706 1034 αύτῷ
722 963 777 1042 μιᾷ
793 953 898 1044 γνώμη
916 953 1151 1043 συμβάλλουσιν,
1162 955 1250 1034 ὥστε,
1266 962 1291 1020 εί

469 1064 528 1156 χρή
544 1063 652 1155 λέγειν,
667 1065 705 1130 τὸ
729 1064 913 1154 μνημόσυνον
937 1072 1029 1132 αὑτοῦ
1046 1073 1081 1132 ἐκ
1095 1078 1224 1159 τῆςγής
1237 1091 1292 1134 πε-

467 1181 580 1268 ριελεῖν,
603 1173 703 1252 καθὼς
724 1185 752 1242 οί
767 1167 909 1242 Ἰουδαῖοι
933 1187 960 1244 οί
984 1179 1069 1244 κατὰ
1093 1189 1148 1246 τοῦ
1163 1189 1291 1270 Χριστοῦ

467 1291 658 1380 ἐλογίσαντο.
675 1299 871 1380 Παραχρημα
886 1289 946 1382 γάρ
962 1284 1135 1367 ύασιλικαῖς
1150 1294 1223 1358 κατ’
1232 1299 1290 1358 αῦ-

468 1412 522 1468 τοῦ
545 1393 704 1477 διατάξεσι
720 1401 892 1492 χρήσασθαι
908 1405 961 1468 τὸν
986 1402 1219 1494 θεοφιλέστατον
1235 1407 1290 1488 βα-

469 1513 558 1580 σιλέα
582 1512 693 1578 πείθειν
716 1505 912 1592 ἐσπούδαζον.
1034 1553 1037 1564 ·
1085 1571 1088 1584 .

503 1625 568 1715 Χρὴ
579 1618 614 1691 δὲ
622 1634 703 1714 ημᾶς
711 1636 827 1718 πρῶτον
838 1629 1010 1718 περὶτήςὲκ
1021 1621 1293 1722 παιδόςδιαγιυγης

470 1747 525 1803 τοῦ
537 1730 642 1828 ἀνδρὸς
653 1739 744 1828 μικροὶ
757 1730 990 1828 διηγήσασθαι.5
1001 1751 1059 1809 Τοῦ
1066 1751 1137 1832 γοῦν
1145 1733 1293 1831 μακαρίου

469 1841 668 1940 Ἀλεξάνδρου
684 1851 764 1940 μετοὶ
780 1851 832 1916 τὸν
849 1852 996 1943 μακάριον
1006 1851 1157 1944 Ἀχιλλᾶν
1168 1855 1226 1926 τήν
1241 1861 1292 1946 άρ-

469 1961 530 2053 χήν
544 1973 601 2038 τῆς
617 1963 769 2053 ίερωσύνης
784 1963 1027 2054 ἐγχειρισθέντος,
1042 1966 1162 2032 καὶτὸν
1183 1972 1292 2057 κλήρου

468 2075 555 2164 μετὰ
570 2075 628 2146 τήν
651 2085 705 2140 τοῦ
729 2076 816 2166 ἁγίου
841 2077 952 2167 Πέτρου
975 2087 1030 2142 τοῦ
1053 2079 1218 2144 ἐπισκόπου
1240 2078 1293 2144 καί

469 2187 615 2277 μάρτυρος
632 2178 750 2262 σύναξιν
766 2197 822 2263 τῆς
845 2187 1000 2266 ἀθλήσεως
1015 2195 1107 2256 αὑτοῦ
1127 2197 1167 2266 είς
1189 2192 1292 2260 ἐστίαν

469 2296 709 2389 προτρεψαμένου
721 2300 774 2364 καί
788 2299 993 2390 περιμένοντος
1008 2301 1062 2378 ἕως
1073 2300 1110 2368 άν
1122 2302 1291 2394 συναθροισ·

469 2409 565 2490 θῶσιν,
588 2412 681 2486 ἐστως
703 2404 736 2488 ἐξ
759 2411 901 2480 ἀπόπτου
924 2422 978 2504 ὁρᾷ
995 2409 1110 2492 παῖδας
1125 2423 1291 2488 ἐκκλησια-

468 2533 562 2606 στικῷ
585 2524 686 2590 κανόνι
709 2526 847 2615 παίγνιον
869 2525 1109 2604 ύπεισελθόντας.
1134 2527 1195 2594 Ἦν
1218 2522 1253 2596 δέ
1274 2537 1292 2594 ό

468 2631 547 2711 οίκος
569 2636 640 2726 πρὸς
663 2635 823 2700 θάλασσαν
846 2639 1062 2728 τετραμμένος,
1076 2634 1112 2716 ής
1135 2640 1292 2732 παρόντας

468 2747 565 2838 ὄχθας
587 2739 711 2824 ἔπαιζον
734 2757 761 2813 οί
780 2749 854 2838 ,ίεφοί
884 2745 1013 2830 παῖδες,
1036 2758 1067 2816 ἐν
1090 2748 1132 2830 οίς
1162 2748 1199 2824 ήν
1222 2755 1291 2820 ἐπί-

468 2883 580 2935 σκοπος
593 2857 771 2936 Ἀθανάσιος
793 2861 846 2926 καὶ
869 2853 1031 2939 σονήλυδες
1047 2863 1137 2930 ἄλλοι
1160 2864 1290 2956 πρεσβύ-

467 2974 547 3064 τέροι
568 2975 622 3040 καί
645 2965 786 3052 διάκονοι,
809 2984 837 3038 οί
859 2975 915 3068 καί
935 2986 1089 3068 προσῆγον
1113 2984 1197 3061 αύτῷ
1218 2989 1290 3044 παῖ·

469 3081 526 3162 δας
547 3086 792 3176 κατηχουμένους
815 3087 865 3186 ἐπί
887 3097 932 3169 τῷ
955 3081 1163 3162 ύαπτισθήναι
1184 3089 1291 3166 αύτούς

469 3201 522 3266 ὑπ’
534 3204 634 3266 αύτοῦ·
651 3199 700 3273 οθς
714 3199 834 3275 πάντας
847 3201 934 3284 τύπῳ
950 3207 1193 3286 ἐκαλησιαστικῷ
1209 3205 1291 3287 βαπ-

467 3314 556 3387 τίσας
577 3320 615 3387 ῦς
630 3315 792 3388 ἐπίσκοπος
807 3321 823 3378 ὀ
837 3311 1015 3391 Ἀθανάσιος
1033 3316 1182 3400 ήβοόλετο
1198 3315 1289 3409 λόγον

468 3431 569 3500 αὐτοῖς
592 3417 810 3491 διδασκαλικὸν
841 3439 1055 3518 προσενεγκεῖν.
1080 3428 1211 3505 Ἐκστοὶς
1239 3424 1289 3496 οὖν

467 3539 517 3604 ἐπὶ
539 3549 602 3612 τοῖς
624 3537 787 3628 γινομένοις
808 3547 825 3602 ό
849 3537 924 3614 θεῖος
937 3532 1143 3634 Ἀλέξανδρος,
1159 3539 1289 3632 ἄγεσθαι

467 3651 538 3741 πρὸς
568 3649 659 3716 αύτδν
690 3651 804 3714 κελεύει
826 3650 894 3727 τοὺς
924 3643 1047 3728 παῖδας·
1070 3655 1123 3718 καὶ
1153 3653 1289 3746 ἐπιγνούς

468 3764 595 3829 ἅπαντα
610 3769 649 3838 ὡς
671 3762 818 3854 ἐγένοντο,
833 3763 938 3856 γνώμῃ
955 3775 1015 3829 τῶν
1037 3765 1090 3830 σῦν
1114 3772 1197 3850 αὐτῷ
1212 3771 1287 3838 κλη-

466 3885 561 3967 ρικῶν,
576 3875 645 3951 τούς
667 3875 721 3965 μὲν
744 3869 970 3953 θαπτισθέντας
984 3869 1099 3954 παῖδας
1120 3883 1288 3972 σφραγίσας

466 3997 507 4074 τῇ
524 3993 554 4052 ἐν
569 3996 688 4077 Χριστῷ
702 3979 844 4080 σφραγίδι
867 3991 920 4054 καί
943 3993 1101 4081 ἐπιχρίσας
1114 4003 1177 4068 τοϊς
1199 3995 1287 4085 ἁγίου

467 4108 521 4164 τοῦ
543 4100 687 4189 σωτηρίου
710 4093 926 4189 ύαπτίσματος
940 4103 1100 4192 συμβόλοις
1122 4107 1287 4170 ἐτελείωσε·

467 4211 520 4276 τὸν
544 4201 578 4276 δέ
593 4209 772 4276 Ἀθανάσιον
795 4223 858 4288 τοῖς
887 4225 1019 4305 γονεῦσιν
1044 4223 1137 4281 αυτοῦ
1156 4214 1286 4284 Ἀθανα-

468 4323 531 4388 σίου
553 4323 747 4414 συγκαλέσας
761 4324 920 4414 παρέθετο,
934 4318 1097 4392 παιδεῦσαι
1115 4328 1287 4420 γράμματα

467 4435 620 4516 κελεύσας,
642 4439 696 4501 καί
710 4443 741 4502 ἐν
757 4439 854 4527 Κυρίῳ
868 4431 1061 4528 προβιύόιζειν
1076 4442 1124 4506 ότι
1138 4442 1288 4532 μάλιστα,

466 4547 625 4638 προβάντα
649 4540 684 4614 δέ
708 4550 799 4615 αὐτὸν
816 4542 981 4616 ἀποδοῦναι
1006 4557 1098 4635 αύτῷ,
1116 4559 1237 4644 μᾶλλον
1252 4547 1288 4620 δέ

467 4671 506 4750 τῇ
530 4663 680 4745 ἐκκλησία
703 4661 868 4742 ἐκέλευσεν,
891 4671 930 4739 ὡς
952 4671 972 4734 ἡ
996 4661 1100 4744 Ἀννα,
1124 4668 1212 4755 φησί,
1234 4666 1287 4732 τὸν

467 4767 851 4868 Σαμουὴλπροσήγαγεν.ί
867 4767 1038 4866 Προύάντος
1052 4771 1102 4842 οὖν
1116 4787 1171 4844 τοῦ
1185 4782 1288 4872 καίρου

467 4887 675 4979 προσφέρουσιν
698 4897 726 4954 οί
746 4899 842 4979 γονεῖς
863 4897 909 4974 τῷ
931 4888 1086 4974 ἐπισκόπου
1099 4883 1289 4983 Ἀλεξάνδρῳ

512 5091 526 5137 ⁵
550 5091 709 5174 Ruffinus,
726 5093 751 5176 1,
768 5114 829 5176 ιιι,
849 5093 1004 5162 socrates
1019 5095 1044 5176 1,
1064 5115 1117 5178 xv,
1132 5095 1287 5166 sozome-

467 5221 542 5290 nus,
559 5206 598 5290 ΙΙ,
616 5227 690 5289 xm,
706 5204 912 5291 Nicephorus
930 5205 1096 5291 Callistus,
1108 5209 1190 5295 VIII,
1206 5209 1294 5278 ηυνξ

511 5317 567 5385 ⁸1
594 5319 670 5403 fleg.
697 5319 722 5400 1,
746 5320 801 5385 24.

511 5429 524 5476 ⁷
548 5431 618 5498 λοι.
643 5431 744 5516 Apo&
767 5452 855 5516 xxm,
881 5433 935 5500 12.

509 5539 524 5586 ⁸
550 5539 662 5610 codex
678 5531 750 5619 δαδ,
773 5541 896 5614 lineola
920 5543 1158 5632 superscripta,
1173 5551 1212 5616 ut
1233 5565 1290 5617 su-

466 5667 548 5738 pra,
572 5667 605 5738 p.
632 5653 707 5730 14³,
729 5657 799 5722 υοί
825 5657 868 5736 7;
891 5653 976 5726 infra
1000 5658 1077 5744 Gap.
1102 5659 1174 5729 XVI
1204 5649 1286 5726 ὅσα·

465 5759 563 5834 πικήν.

510 5873 668 5946 ⁹Psa1m.
692 5874 812 5962 κκνι,
836 5877 876 5961 υ,
907 5879 1030 5970 ειυς.
1054 5879 1133 5964 νυ,
1160 5881 1214 5954 ιο.
1236 5879 1290 5955 ιι

1364 373 1432 458 ’τὸν
1455 389 1644 479 ’λθανόισιοη
1667 335 1746 486 ᾧπερ
1769 393 1875 472 εύθίως
1889 403 1905 460 ό
1921 347 2137 474 ἐπίσκοποςτδ
2161 411 2201 466 ίε-

1380 504 1502 595 ρατικθν
1525 498 1616 594 ἐφοὺδ
1638 506 1828 598 περιτίθησι,
1849 507 1914 574 νέον
1942 509 2034 576 αὑτὸν
2057 511 2202 599 Σαμσυὴλ

1380 626 1420 703 τῇ
1437 619 1587 700 ἐκκλησίᾳ
1602 611 1793 708 προύιύάζων
1813 627 1854 696 τίς
1868 620 1986 710 ἄμυναν
1999 631 2060 687 τῶν
2084 623 2204 698 ἀληθῶς

1380 730 1568 818 ἀλλοφύλων.
1592 733 1654 795 Καὶ
1677 731 1736 822 γάρ
1759 731 1892 809 πολλούς
1907 739 2028 824 ἀγῶνας
2048 735 2203 826 ὑπέμεινεν

1378 839 1451 930 ὺπέρ
1466 850 1527 906 τῶν
1543 851 1705 932 αίρετικιῦν,
1720 845 1824 918 οίτινες
1838 845 1891 908 καί
1914 847 2099 934 συνωμοσίαν
2115 847 2202 918 ποιή-

1379 973 1495 1028 σαντες,
1510 958 1543 1016 ού
1566 951 1796 1044 τεσσαράκοντα
1813 947 1915 1044 ἄνδρες
1937 955 2025 1045 μόνον
2049 959 2135 1022 κατὰ
2150 959 2204 1023 τὸν

1380 1061 1453 1152 ίερόν
1476 1062 1647 1129 ἀπόστολον
1671 1067 1815 1144 Παῦλον,7
1838 1065 1922 1130 ἀλλά
1945 1077 2007 1132 πᾶν
2026 1069 2063 1133 τό
2086 1069 2205 1146 πλῆθος

1378 1181 1439 1236 τῶν
1462 1181 1631 1260 αἰρετικῶν,
1654 1171 1792 1261 μάλιστα
1815 1183 1875 1238 τῶν
1897 1169 2144 1265 ’Δρειομανιτῶυ,
2166 1177 2204 1242 πθ

1380 1284 1440 1350 άνοὶ
1456 1293 1560 1350 πᾶσαν
1575 1283 1632 1355 τήν
1655 1279 1840 1375 οἰκουμένην,
1855 1295 1909 1350 τοῦ
1924 1283 2106 1354 Ἀθανασίου
2121 1292 2204 1380 μετὰ

1380 1403 1434 1460 τοῦ
1451 1387 1545 1460 Δαυὶδ
1553 1395 1567 1442 ⁸
1581 1393 1751 1482 ψάλλοντος
1766 1398 1819 1462 καί
1830 1396 2003 1488 λέγοντοςθ
2017 1397 2092 1467 Ἐάν
2103 1427 2203 1494 παρα-

1380 1497 1516 1582 τέξηται
1538 1507 1656 1598 ἐπ’ἐμέ
1679 1503 1869 1599 παρεμύολή,
1893 1517 1928 1575 οῦ
1949 1506 2160 1600 φούηθήσεται
2183 1525 2202 1586 ή

1381 1608 1493 1707 καρδία
1515 1641 1581 1708 μου·
1605 1619 1658 1686 ἐσὶν
1681 1627 1842 1710 ἐπαναστῇ
1865 1624 1916 1688 ἐπ’
1931 1623 1986 1712 ἐμὲ
2008 1625 2152 1716 πόλεμος,
2174 1635 2203 1698 έν

1381 1729 1482 1818 ταύτῃ
1506 1729 1567 1822 ἐγιδ
1597 1724 1711 1810 ἐλπίζω
1733 1732 1884 1823 στέφανον
1906 1744 1989 1810 νικής
2010 1735 2202 1826 περιθέσθαι,

1382 1833 1507 1914 δηλαδή
1538 1841 1677 1919 ποθήσας
1698 1846 1803 1928 λαβεῖν
1825 1844 1911 1935 παρά
1933 1847 2041 1936 Κυρίου
2064 1857 2119 1912 τοῦ
2150 1851 2202 1914 καί

1382 1955 1454 2046 πρός
1477 1955 1567 2022 αὑτὸν
1578 1955 1749 2046 Ιείρηκότος·
1767 1955 1887 2048 θάρσει,
1901 1960 1955 2023 καὶ
1977 1959 2021 2048 μή
2037 1953 2139 2048 φούοῦ
2156 1965 2202 2026 ὅτι

1380 2068 1444 2159 ἐγώ
1466 2076 1525 2159 είμι
1556 2070 1638 2159 μετά
1661 2079 1735 2150 σοῦ,
1757 2039 1810 2136 καί
1832 2077 1867 2136 ού
1896 2070 2058 2162 προσθήσει
2080 2095 2127 2148 τις
2149 2083 2202 2139 τοῦ

1381 2185 1519 2248 κακῶσαί
1541 2205 1584 2247 σε.
1600 2175 1729 2256 ’Ἐπειδὴ
1751 2178 1801 2248 οθν
1823 2183 1866 2249 τοὶ
1888 2184 1994 2258 πολλὰ
2008 2195 2069 2251 τῶν
2091 2190 2201 2276 συμβε·

1380 2294 1519 2376 βηκότων
1542 2303 1625 2378 αύτῷ
1647 2296 1864 2389 ὑφηγήσασθαι
1895 2299 2063 2390 φεύγομεν,
2094 2300 2202 2389 μήποτ

1379 2407 1473 2472 κόπου
1496 2408 1705 2499 ἐμποιήσωμεν
1728 2421 1790 2486 τοῖς
1817 2401 2033 2500 ἐντευξομένοις
2055 2407 2137 2494 τῷδε
2158 2425 2202 2496 τῷ

1378 2517 1539 2612 γράμματι
1569 2520 1622 2585 τὸν
1643 2520 1743 2612 ,λόγον
1774 2523 1975 2611 μηκύνοντες,
1999 2523 2111 2615 ἄπειρα
2141 2527 2200 2619 γάρ

1378 2637 1449 2696 είσιν
1473 2629 1549 2722 ἅπερ
1571 2632 1688 2704 ὑπέστη
1713 2625 1890 2724 διωκόμενος
1912 2636 1971 2702 ῦπθ
1985 2646 2045 2702 τῶν
2069 2639 2199 2720 ἀσεβεσ-

1377 2742 1480 2808 τόιτων
1496 2753 1659 2834 αίροτικῶν,
1674 2756 1742 2822 ταῖς
1764 2748 1995 2839 έπεσημοπέραις
2011 2755 2104 2816 αὑτοῦ
2119 2749 2200 2842 πρέ-

1377 2848 1457 2934 ξεσιν
1475 2843 1734 2947 ἀρκεσθησόμεθα,
1747 2859 1780 2924 αί
1795 2861 1848 2926 καὶ
1859 2861 1944 2951 παρὰ
1959 2871 2035 2930 πᾶσι
2051 2875 2115 2940 τοῖς
2127 2889 2198 2956 γνω·

1377 2969 1469 3060 ρίμοις
1482 2978 1537 3034 τοῦ
1560 2961 1665 3060 ἀνδρὸς
1687 2963 1825 3053 ᾅδονται.
1849 2973 2019 3063 Παραυτάι
2042 2975 2103 3066 γάρ
2121 2975 2201 3050 εὐθύς

1357 3109 1361 3122 ·
1377 3079 1563 3172 προστάντος
1585 3087 1687 3162 αὑτοῦ,
1702 3083 1800 3176 ὅπερ
1819 3085 1942 3176 ἔρημοι,
1956 3097 2013 3163 της
2027 3091 2200 3164 ἐκκλησίαι,

1377 3203 1405 3260 ot
1427 3195 1494 3284 περί
1515 3187 1655 3260 Εύσέύιον
1669 3195 1722 3260 τὸν
1745 3189 1956 3287 Νικομηδείας,
1972 3199 2118 3290 ἀπεχθῶς
2133 3203 2200 3266 λίαν

1377 3306 1449 3397 πρὸς
1472 3306 1563 3372 αὑτὸν
1578 3307 1631 3374 τὸν
1646 3304 1824 3376 ’Δθανόισιον
1840 3311 1971 3402 ἔχοντες,
1987 3313 2062 3380 τότε
2076 3307 2120 3385 δὴ
2136 3339 2199 3380 και-

1376 3423 1425 3512 ρὸν
1440 3419 1573 3508 εὔκαιρον
1588 3429 1643 3485 τοῦ
1663 3413 1741 3487 ἰδίου
1763 3433 1878 3490 σκοποῦ
1892 3425 1950 3495 τήν
1973 3435 2028 3490 τοῦ
2052 3419 2199 3500 ύασιλέως
2275 3415 2276 3430 ’

1378 3531 1462 3598 κατά
1485 3543 1540 3598 τοῦ
1562 3533 1700 3626 μεγάλου
1715 3532 1896 3602 Ἀθανασίου
1919 3537 2018 3608 λύπην
2041 3540 2200 3624 λαβόντες,

1377 3655 1416 3722 ὡς
1437 3639 1581 3736 ἐνόμιζον,
1602 3647 1708 3712 πάντα
1731 3651 1804 3714 κατ’
1820 3657 1914 3716 αῦεοῦ
1935 3655 2113 3741 τολμῶντες
2131 3653 2200 3718 ἐκύ-

1378 3783 1437 3826 κων
1460 3766 1643 3832 ἀποκινῆσαι
1666 3761 1758 3826 αίυτθν
1780 3771 1837 3838 της
1867 3763 2035 3840 ἐπισκόπης
2060 3757 2201 3830 σπυυδέ·

1377 3865 1489 3957 ζοντες,
1513 3867 1792 3964 καταψηφιζόμενοι
1807 3885 1862 3940 τοῦ
1884 3867 1990 3966 ἀνδρὸς
2011 3883 2052 3952 ὡς
2073 3869 2202 3954 ἀναξίως
2274 3937 2275 3943 ,

1376 3983 1602 4061 ιὐπεισελθόντος
1623 3987 1682 4058 τήν
1714 3987 1876 4077 ίεριισύυην.
1902 3989 1991 4054 Οὕτω
2021 3989 2081 4081 γὰρ
2108 3991 2202 4078 μόνως

1376 4092 1504 4175 ήλπιζον
1519 4099 1576 4170 τήν
1591 4096 1744 4191 ’λρειανήν
1761 4092 1853 4176 δόξαν
1876 4101 2047 4192 κρατήσειν,
2063 4110 2089 4167 εί
2104 4099 2203 4168 Ἀθα-

1376 4209 1476 4276 νάσιον
1508 4202 1643 4277 ἐκποδὼν
1674 4211 1839 4284 ποιήσουσι.
1870 4213 2123 4304 Συμφρόιττονται
2153 4209 2202 4280 οὖν

1376 4325 1449 4390 κατ’
1466 4329 1558 4389 αὑτοῦ
1581 4333 1609 4389 οί
1630 4323 1841 4416 προρβηθέντες
1855 4335 1912 4401 τῆς
1925 4323 2112 4418 ’Λρειανικης
2128 4333 2201 4392 ἀσε·

1376 4431 1444 4513 ύοῦς
1467 4437 1604 4528 αίρέσεως
1617 4434 1780 4516 'Ochum’
1805 4429 1989 4528 Εὐδαίμονα,
2008 4439 2203 4512 Καλλίνικον,

1376 4551 1429 4616 καὶ
1452 4543 1608 4642 διαφόρους
1630 4553 1817 4642 κατηγορίας
1839 4551 1923 4616 κατά
1939 4560 1995 4616 τοῦ
2009 4549 2089 4616 θείου
2103 4547 2202 4616 Ἀθα-

1375 4663 1478 4728 νασίου
1502 4653 1542 4726 δι’
1555 4668 1653 4728 αὐτῶν
1676 4657 1828 4734 έέιίνησαν.
1851 4665 1914 4728 Καὶ
1937 4673 2053 4753 πρῶτον
2076 4663 2134 4752 μὲν
2156 4665 2204 4728 ότι
2272 4669 2273 4715 1

1374 4772 1573 4855 Ἀθανάσιος,
1605 4777 1698 4864 φησὶ,
1731 4775 1912 4842 ὑπεισελθολν
1942 4777 2000 4847 τήν
2030 4776 2204 4845 ἐπισκόπην

1374 4891 1459 4959 λινήν
1482 4887 1599 4960 ἐσθήτα
1622 4891 1721 4954 τελεῖν
1743 4888 1813 4964 τοὺς
1834 4889 2016 4979 Αἰγυπτίους
2041 4897 2082 4976 τῇ
2109 4885 2204 4954 Ἀλε-

1374 5089 1487 5162 locum
1510 5091 1632 5162 Psalmi
1650 5092 1690 5160 Ιἰιι
1714 5092 1863 5178 margine
1879 5091 2120 5162 adscribuntur
2144 5109 2203 5162 no·

1374 5209 1428 5274 ίοο
1451 5204 1669 5291 allegationis.

1419 5319 1432 5365 ¹
1457 5319 1623 5401 socrates,
1647 5321 1673 5403 1,
1696 5339 1792 5404 ιινιι,
1817 5311 2038 5402 sozomen'us,
2058 5321 2099 5402 11,
2126 5343 2203 5402 nn,

1373 5431 1611 5515 Theodoritus,
1635 5433 1666 5515 1,
1688 5451 1774 5517 xm,
1797 5431 2005 5518 nicephorus
2031 5431 2202 5514 callistus,
2270 5439 2271 5487 ί

1378 5547 1461 5629 vul,
1484 5565 1565 5629 xuv,
1588 5563 1692 5613 ιιιιιι.
2059 5573 2068 5586 ·

1423 5657 1625 5742 ’ῦοονοιεη
1649 5657 1670 5726 l.
1696 5675 1724 5726 ο
1747 5657 1784 5728 in
1805 5657 1869 5728 alia
1890 5657 2068 5728 νοτίυοτοιυ
2091 5657 2203 5727 forma

1378 5765 1525 5847 Ἴτωνος,
1549 5769 1589 5838 οι.
1614 5775 1648 5840 et
1678 5775 1794 5842 notam
1822 5769 1969 5856 ibidem,
1991 5769 2202 5856 Nicephorus
2269 5779 2270 5873 γ

1378 5897 1458 5952 voro
1481 5876 1646 5959 Ἐνσύινοε
