4690 6406
475 445 571 512 titia.
611 443 648 510 tit
673 440 889 511 ceriturbutus
913 448 964 512 est
1000 437 1002 442 ’

476 561 574 624 xttu
635 563 667 624 ct
692 556 773 624 diiit
797 573 873 625 ecce
897 573 960 641 ego

615 677 653 740 tit
678 671 744 739 dini
769 669 809 739 nd
833 689 910 740 eum
934 671 1002 739 noti

637 785 757 852 inicere
782 802 917 852 menum
943 791 1033 852 tuum

635 915 736 982 super
760 914 902 982 puerum
926 904 960 964 et
984 913 1051 962 non

635 1009 733 1076 incius
757 1009 787 1075 ei
812 1009 994 1093 quidquam

633 1139 698 1206 qun
723 1139 812 1188 nunc
837 1119 995 1188 menites-

637 1235 702 1302 taui
728 1233 803 1319 quin
829 1233 925 1301 times
950 1231 1051 1300 deum

638 1345 730 1414 tuum
755 1355 789 1414 et
813 1363 879 1414 nnn
905 1361 1023 1431 peper-

637 1459 709 1536 cisti
735 1459 802 1526 stiiu
828 1465 886 1526 tuo
911 1455 977 1542 pri-

637 1571 806 1656 mogenitu
831 1589 848 1637 a
874 1587 927 1640 me

614 1689 653 1751 Et
678 1685 836 1752 confusus
861 1689 912 1752 est

638 1799 792 1884 princeps
817 1798 968 1867 mestirue

606 1983 610 1988 ,
636 1917 669 2004 et
693 1911 829 1980 cleucns
852 1911 1008 1980 abrabam

637 2003 753 2094 oculus
777 2043 858 2094 suos
882 2026 966 2094 uidit
990 2033 1024 2093 et

636 2157 713 2206 ecce
737 2138 823 2206 aries
847 2155 934 2206 unus
960 2145 1007 2204 te-

636 2251 777 2317 nebatur
800 2248 957 2318 cornibus
981 2250 1051 2316 suis
1085 2263 1095 2282 ·

616 2365 656 2429 Et
679 2361 758 2430 abiit
781 2361 936 2430 abrabam
962 2369 996 2428 et

638 2474 765 2560 accepit
787 2474 925 2542 arietem
949 2481 983 2542 et

638 2591 758 2659 obtulit
781 2607 858 2659 eum
883 2607 944 2677 pro
969 2590 1036 2658 isac

638 2703 707 2771 tilio
731 2720 793 2772 suo
817 2709 851 2772 et
875 2703 1010 2772 uocauit

638 2817 794 2884 abrabam
818 2833 940 2884 nomen
966 2811 1021 2882 1οέ

640 2929 668 2994 ri
692 2928 780 2996 iilius
804 2928 959 2996 dominns
983 2927 1065 2994 uiciit
1091 2935 1124 2992 nt

640 3041 769 3108 dicatur
793 3039 826 3108 in
850 3047 963 3109 monte

543 3155 566 3219 b
638 3151 794 3252 deminus
818 3153 911 3221 uisus
936 3159 987 3221 est
1012 3152 1062 3220 bic

640 3275 692 3336 est
715 3285 812 3340 mons
838 3267 922 3336 sinn·

619 3385 659 3448 Et
684 3380 819 3448 uocauit
843 3381 999 3450 ebrnbnrn
1023 3409 1026 3418 ⁴
1158 3403 1161 3412 ·

640 3493 774 3562 nomine
799 3511 861 3562 suu
885 3512 1004 3562 secun-

641 3609 684 3677 do
709 3609 750 3678 de
775 3610 866 3678 cneio
891 3609 967 3696 quia
992 3611 1021 3675 t-

644 3721 752 3789 uimus
776 3727 813 3788 ut
837 3721 1013 3806 loquamur

642 3831 689 3899 itti
713 3831 848 3899 nomine
872 3832 1008 3898 donnini·
1034 3839 1064 3899 et

644 3942 726 4010 dixit
749 3961 810 4028 per
832 3961 886 4012 me
911 3943 1018 4028 ipsunt

645 4057 749 4123 iuraui
774 4055 852 4124 dicit
876 4055 1030 4124 doninus
1051 4047 1131 4141 'pirn-

645 4177 719 4254 pter
742 4169 831 4256 quod
854 4170 958 4238 fecisti

646 4298 835 4349 sermonem
858 4281 959 4348 istum

645 4401 679 4459 ct
703 4411 769 4460 nnn
794 4393 972 4478 pepercisti

646 4507 712 4574 tiiie
738 4513 796 4573 tun
819 4503 990 4589 unigenito

645 4627 783 4706 prepter
805 4635 858 4687 me
882 4635 981 4705 quern

645 4731 789 4801 dilexisti
811 4731 968 4818 quoniam
1025 4745 1028 4752 ’

541 4825 544 4832 ’
645 4845 844 4913 benedicens
869 4845 972 4913 bene-

644 4957 750 5024 dicum
775 4963 807 5024 te
831 4963 864 5023 et
887 4957 998 5023 mutti-

646 5069 770 5154 piicuns
794 5068 993 5153 multiplicu-

646 5184 689 5250 bn
714 5199 827 5250 sennen
853 5189 947 5250 tuum
972 5183 1052 5250 stet-

647 5297 694 5365 tus
719 5296 799 5365 cneii
825 5303 858 5364 et
882 5296 966 5364 sicut

646 5395 766 5478 ba'renu
791 5427 876 5496 quee
900 5417 951 5478 est
975 5411 1035 5478 cir-

648 5540 684 5590 cu
708 5521 803 5590 litora
828 5523 928 5590 maris
953 5531 984 5589 ct

650 5634 847 5702 beredituuit
871 5651 985 5702 semen

649 5755 742 5814 tuum
766 5745 916 5814 ciuitates

1246 261 1428 324 ..pq-

1363 443 1460 506 ti-i.n.
1521 439 1788 508 aduersariorum
1812 438 1884 508 eius

1369 4399 1440 4463 ΧΙΧ

1523 561 1555 622 et
1578 553 1817 622 benedicentur
1840 554 1874 621 in

1523 667 1648 734 semine
1674 673 1731 734 tuo
1756 683 1897 736 omncs·

1523 788 1637 866 gentes
1662 787 1770 848 terrae
1794 797 1898 865 prop-

1459 885 1463 892 ’
1523 903 1572 960 ter
1592 893 1681 980 qued
1706 893 1872 962 obaudisti

1522 1005 1596 1074 neci
1621 1023 1714 1074 mene
1738 1012 1772 1074 et
1796 1023 1859 1092 ege

1525 1121 1732 1188 manifestaui
1757 1121 1913 1189 omnibus

1524 1232 1680 1317 quoniam
1705 1233 1812 1300 tidelis
1837 1251 1873 1301 es

1521 1345 1600 1411 nnibi
1627 1345 1659 1412 in
1685 1346 1840 1414 omnibus
1865 1365 1948 1432 qnae

1523 1458 1589 1525 clini
1615 1458 1674 1526 tibi
1699 1459 1868 1528 ambulare

1447 1573 1452 1583 ‘
1526 1573 1556 1639 in
1583 1591 1662 1658 pecc

1501 1687 1540 1752 ut
1564 1685 1645 1753 abiit
1668 1685 1824 1754 abrabam
1848 1688 1888 1754 ad

1523 1815 1645 1882 pueros
1669 1815 1750 1866 suos
1772 1805 1808 1867 et
1832 1817 1932 1867 exur-
2043 1777 2053 1794 ⁰

1523 1918 1639 1994 gentes
1665 1910 1819 1980 abierunt

1522 2023 1554 2089 in
1579 2023 1718 2092 bersabe
1743 2031 1776 2092 et
1800 2025 1890 2094 bubi-

1468 2171 1477 2176 -
1523 2135 1604 2204 tebit
1627 2138 1783 2206 abrabam
1808 2155 1859 2206 se·
1911 2177 1914 2183 ·

1523 2267 1581 2318 cus
1605 2258 1744 2336 puteum
1768 2252 1902 2320 iuratio-

1524 2362 1574 2428 nis
1598 2365 1639 2430 ut
1663 2362 1802 2432 iaciebat
1826 2365 1913 2432 diem

1524 2475 1644 2542 testum
1669 2481 1805 2562 terper
1828 2475 1897 2544 sinss

1526 2586 1621 2671 gulos
1645 2605 1751 2656 annus
1775 2591 1855 2656 itam

1524 2706 1557 2766 ct
1581 2699 1665 2767 istus
1689 2705 1819 2786 septem
1844 2701 1891 2768 di-

1523 2830 1559 2879 es
1583 2813 1616 2880 in
1642 2813 1764 2882 taetitia
1788 2814 1888 2884 incie-

1523 2927 1578 2994 bnt
1602 2933 1635 2993 et
1661 2927 1793 2995 uocauit
1817 2945 1895 2996 eum

1525 3039 1557 3106 in
1582 3039 1670 3108 diem
1694 3041 1816 3109 testum
1840 3041 1964 3110 donnini
1998 3087 2005 3098 .

1443 3205 1448 3215 .
1524 3152 1708 3220 secundum
1732 3161 1862 3238 septem

1525 3264 1596 3333 dies
1620 3267 1740 3352 quibus
1764 3269 1843 3336 abiit
1867 3277 1901 3339 et
1925 3289 1976 3338 re·
2020 3259 2027 3270 ’

1527 3395 1645 3446 uersus
1670 3385 1731 3448 est·

1503 3495 1544 3560 Et
1568 3499 1638 3559 eret
1662 3493 1834 3562 decretum

1525 3612 1559 3672 et
1583 3605 1744 3691 scriptum
1768 3605 1802 3673 in
1826 3614 1874 3674 tn-

1526 3719 1613 3787 buiis
1638 3721 1719 3788 caeli
1744 3737 1847 3806 super

1528 3829 1663 3898 istrebel
1687 3837 1721 3898 et
1745 3849 1846 3916 super

1525 3962 1639 4013 semen
1664 3947 1737 4014 eius
1760 3954 1797 4016 ut
1820 3947 1897 4015 teci-

1525 4065 1581 4127 unt
1605 4059 1693 4128 diem
1717 4061 1838 4129 testum

1473 4161 1478 4172 '
1524 4177 1653 4257 septem
1677 4171 1795 4241 diebus
1820 4173 1852 4239 in
1879 4174 1943 4240 ine-

1527 4283 1596 4350 titie
1621 4283 1814 4368 gaudentes·

1504 4399 1544 4463 ut
1570 4396 1602 4462 in
1627 4415 1714 4464 nnnc
1738 4397 1896 4483 septimu-

1525 4526 1642 4576 narum
1666 4507 1764 4594 primi
1788 4525 1909 4577 secun-

1525 4622 1568 4691 do
1592 4631 1626 4691 et
1649 4623 1884 4709 quadragensi-
1916 4605 1922 4613 ⁵

1525 4750 1581 4801 nro
1605 4734 1737 4803 iubeiec
1761 4751 1900 4805 conuer-

1527 4845 1565 4913 tit
1588 4845 1744 4916 ubrabum
1768 4851 1801 4916 et
1825 4847 1928 4916 inabi-

1527 4958 1609 5027 tnuit
1632 4965 1747 5028 contre
1771 4961 1899 5030 iaciem-

1529 5071 1675 5140 chebron
1700 5071 1781 5140 bnec
1804 5080 1856 5140 est

1529 5183 1750 5252 cariatharbee
1769 5183 1836 5252 duo

1530 5297 1789 5381 septimanarum

1529 5425 1702 5478 annorum·
1736 5413 1776 5479 ut
1800 5411 1834 5478 in
1858 5429 1914 5478 nn-

1530 5537 1573 5588 nn
1598 5523 1856 5606 septimanarum

1530 5633 1627 5738 buius
1652 5634 1740 5703 tertii
1765 5635 1859 5704 iube·
1918 5687 1924 5700 .

1528 5745 1569 5812 ici
1594 5745 1691 5814 buius
1715 5747 1860 5831 conpleti
1897 5755 1902 5764 '
