4706 6420
1140 269 1182 282 -
1207 254 1282 299 ΠΗ
1307 269 1348 282 ·-

377 472 430 537 ne,
455 458 532 542 Cap.
558 459 612 538 lll,
637 457 677 539 6,
703 459 734 538 7,
759 453 833 523 tum
858 455 957 524 etiam
982 473 1023 524 ex
1043 455 1205 524 versione

377 569 538 650 uambae,
563 569 591 637 si
616 574 726 636 tamen
751 567 833 636 haec
856 569 897 636 ab
921 569 977 635 illa
1001 569 1143 650 divorsa,
1165 575 1204 634 ut

379 679 473 748 locus
498 680 664 766 hgbelaei,
689 683 710 749 l.
729 701 768 765 c,
785 689 818 750 et
839 681 931 767 ipsae
946 681 1116 751 versionis
1139 685 1204 750 lla-

382 791 481 860 rabae
509 791 778 863 circumstantiae
809 795 1011 864 suaderent?
1035 795 1134 878 (Ass,
1165 795 1202 860 B.

380 904 486 985 0.,1l,
513 907 589 986 all,
607 905 666 987 lll,
692 909 802 990 nrt-o).
824 900 985 975 h'ullusne
1008 901 1088 975 item
1109 899 1204 976 innu-

378 1034 440 1082 xus
464 1017 635 1086 versionis
661 1020 791 1088 Pescito
817 1027 884 1086 tam
908 1019 1062 1106 antiquae
1079 1026 1112 1086 et
1129 1026 1202 1086 tan·

379 1135 430 1195 tae
463 1129 677 1198 Auctoritatis
709 1131 797 1216 apud
821 1151 938 1200 omnes
970 1135 1082 1216 Syros,
1115 1131 1203 1217 apud

378 1256 473 1324 quos,
497 1244 740 1328 Menophysltis
765 1263 832 1313 non
858 1247 1017 1332 essentie,
1042 1246 1074 1312 in
1105 1263 1203 1312 usum

380 1352 549 1436 publicum
572 1356 808 1440 usurpabatur,
833 1358 906 1443 ipso
931 1358 1139 1426 Barbebraeu
1157 1366 1204 1426 te-

380 1469 431 1530 ste
444 1463 476 1530 in
489 1467 684 1534 Prooemium
696 1469 730 1534 lu
743 1471 837 1536 Horr.
856 1472 968 1556 Myse?
985 1472 1203 1539 [inversione

380 1577 532 1645 llarabae
563 1579 644 1646 nihil
677 1581 787 1648 dicere
819 1599 968 1666 possum,
993 1583 1203 1650 documentis

378 1688 515 1756 omnino
547 1690 793 1773 deficientibus
823 1693 863 1762 de
897 1693 999 1762 altera
1028 1695 1202 1763 Philoxeni

312 1813 322 1832 ⁴
372 1819 455 1868 cura
479 1803 562 1870 lacta
595 1803 684 1871 idem
708 1806 775 1873 iere
793 1805 982 1890 dicendum,
1007 1809 1067 1875 sed
1091 1815 1201 1877 tamen

378 1913 501 1999 aliquid
517 1916 637 1983 saitem
654 1917 836 1986 dubitando
854 1919 934 1986 dare
950 1919 1064 1987 licebit
1080 1921 1112 1987 in
1131 1939 1200 2008 cap.

377 2029 548 2112 sequenti,
574 2032 626 2097 cui
653 2032 726 2099 loco
743 2051 781 2100 ea
802 2051 935 2119 quoque
954 2051 1100 2116 reservo,
1118 2053 1202 2120 quae

378 2141 510 2208 Pescito
535 2142 737 2226 referuntur,
766 2163 843 2212 cum
868 2146 996 2230 omnia,
1029 2165 1114 2232 quac
1139 2149 1202 2216 dici

379 2262 530 2336 possunt,
548 2256 659 2340 potius
677 2263 788 2326 textus
805 2259 951 2327 criticam
969 2259 1149 2345 attingant,
1171 2268 1203 2328 et

379 2367 583 2451 marginalia.

596 2639 730 2708 CAPUT
761 2642 984 2711 SECUNDUM

1296 459 1338 526 de
1354 458 1566 544 fragmentis,
1580 475 1665 543 quae
1681 453 1796 526 nostra
1805 450 1921 530 versio
1937 451 2083 546 exbibet,
2100 474 2116 530 a

1297 573 1494 656 Symmacho
1526 579 1560 640 et
1591 573 1744 640 Patribus
1776 571 1909 644 Graecis
1933 577 2117 661 assumtis,

1296 703 1438 770 quorum
1463 688 1621 754 Graecam
1636 685 1874 773 proprietatem
1896 681 2119 760 redolentium

1295 797 1403 864 versio
1427 796 1563 866 literalis
1588 791 1668 866 duta
1693 804 1744 866 est
1768 789 1801 867 ln
1825 796 1987 885 pluribus.
2182 881 2195 904 ι

1342 899 1438 989 Quod
1469 921 1548 978 reto
1579 923 1708 980 summa
1740 911 1932 998 interpretis
1956 917 2028 984 laus
2055 923 2118 998 est,

1296 1021 1431 1102 Paulus,
1455 1029 1588 1106 praeter
1611 1041 1715 1106 suam,
1739 1025 1886 1112 linguam
1910 1045 2044 1114 quoque
2061 1030 2121 1097 hr-

1296 1133 1427 1218 cbetypi
1451 1135 1576 1220 optime
1601 1137 1750 1218 callebat,
1775 1143 1873 1222 atque
1898 1140 1948 1206 rel
1974 1140 2008 1208 in
2031 1139 2118 1208 dibi-

1295 1245 1427 1314 cillimis
1459 1246 1541 1314 locis
1566 1255 1599 1315 et
1627 1247 1805 1316 rarissimis
1828 1251 1966 1320 vocibus
1990 1269 2119 1319 summa

1295 1360 1509 1444 proprietate,
1532 1361 1597 1427 rim
1614 1362 1704 1428 vocis
1729 1361 1970 1447 quodattinet,
1996 1363 2118 1442 reddit;

1295 1471 1361 1538 imo
1386 1473 1475 1558 ipsas
1499 1473 1649 1559 ejusdem
1673 1475 1763 1544 nocis
1788 1493 1925 1561 gracum
1949 1478 2055 1544 uarias
2078 1477 2119 1544 li-

1295 1589 1348 1650 cet
1371 1581 1459 1651 leros
1484 1585 1742 1668 significationes
1758 1587 1843 1656 bene
1867 1587 2058 1674 distinguit,
2084 1596 2122 1656 ut

1294 1713 1362 1762 non
1394 1697 1496 1764 semel
1533 1697 1607 1764 vidi.
1650 1698 1685 1764 Si
1728 1717 1807 1766 vero
1843 1699 1967 1786 aliquid
2001 1699 2123 1769 deesse

1296 1815 1428 1894 putaret
1439 1808 1471 1874 in
1488 1808 1578 1876 vocis
1596 1809 1749 1893 Syriacae
1764 1812 1811 1894 vi,
1829 1813 2007 1898 quominus
2025 1815 2124 1899 plene

1294 1937 1409 1988 vocem
1425 1923 1583 1988 Graecam
1595 1923 1744 2006 reterret,
1755 1941 1821 1990 non
1835 1941 1910 1992 raro
1927 1941 2054 2008 uocem,
2071 1925 2122 1992 vel

1295 2034 1405 2100 locum
1422 2034 1531 2119 ipsum
1549 2037 1672 2104 Graece
1689 2037 1964 2122 adscripsit.Nam
1981 2039 2124 2106 Graecas

1295 2165 1393 2215 voces
1418 2147 1507 2233 ipsas
1530 2148 1698 2216 rarissime
1727 2149 1858 2216 civitate
1887 2149 2036 2233 donarit,
2053 2167 2125 2218 eas-

1296 2277 1360 2346 que
1389 2262 1457 2347 y'am
1475 2263 1515 2330 ab
1540 2263 1612 2332 aliis
1637 2270 1713 2330 ante
1738 2281 1814 2330 eum
1839 2279 1967 2347 omnes,
1985 2266 2037 2332 rel
2054 2266 2123 2332 lere

1296 2383 1473 2461 usurpatas
1504 2383 1675 2462 putarem;
1709 2375 1799 2462 quod
1823 2375 1959 2444 demum
1984 2375 2124 2444 delinire

1298 2487 1409 2556 licebit
1433 2507 1473 2556 er
1506 2491 1672 2574 completo
1704 2489 1879 2556 Bemstein
1912 2489 2044 2558 lexico.
2075 2491 2122 2558 Cl.

1295 2601 2127 2688 etiamCureton,llerrtuiusosuueryontieutllecea-

1206 2776 1219 2799 ‚
1293 2716 1363 2782 sinu
1379 2717 1469 2800 ottho
1479 2717 1552 2801 four
1565 2715 1693 2800 Gospels
1703 2713 1738 2779 r'u
1749 2715 1871 2800 Spem
1893 2715 2030 2800 Psesuce,
2046 2713 2123 2781 ocii.

474 2819 759 2887 cobblrlo
792 2822 1108 2930 vuastolvls.

706 3029 877 3041 n——n—-—-

1282 2827 1495 2895 affinitatem
1523 2845 1600 2896 cum
1624 2826 1751 2894 Glossis
1776 2827 1990 2912 llesychianis
2011 2827 2044 2895 in
2065 2845 2124 2894 ro·
2227 2921 2235 2942 Ι

1297 2957 1372 3007 cum
1397 2941 1427 3007 vi
1451 2939 1638 3020 delinienda
1661 2939 1714 3006 hic
1740 2937 1806 3006 illio
1831 2937 2048 3026 deprehendi,
2065 2939 2124 3008 sed

1182 3059 1191 3081 ·
1298 3051 1415 3120 sedulo
1439 3070 1506 3118 non
1539 3052 1708 3137 inquisivi,
1741 3051 1831 3137 quod
1859 3052 1930 3119 aliis
1960 3053 2029 3120 otio
2057 3070 2125 3118 ma-

638 3251 804 3298 admensus
829 3253 948 3300 nullust.

388 3430 489 3495 versio
515 3429 607 3495 Pauli
630 3443 675 3498 est
698 3431 845 3513 literulis,
879 3437 951 3502 bene
982 3440 1124 3506 reddcus'
1143 3441 1207 3508 erim

425 3560 612 3626 praecorum
640 3563 761 3624 uocum,
787 3565 825 3614 oc
841 3547 984 3615 instituto
1007 3571 1023 3616 e
1048 3552 1209 3620 codicibus
1238 3577 1248 3598 ·

425 3657 547 3742 graecis
560 3657 745 3724 uncialibus.

429 3841 460 3903 5.
486 3837 603 3904 versio
628 3837 721 3907 Pauli
746 3839 884 3907 literalis
920 3849 971 3910 est
996 3845 1036 3912 ad
1065 3863 1205 3932 scrupu-

384 3951 469 4028 lum;
494 3949 584 4034 qood
608 3951 780 4020 evidenter
809 3955 1001 4039 arguiture
1041 3957 1205 4028 levissima

385 4062 546 4146 cujusque
571 4061 635 4129 loci
660 4081 735 4130 cnm
760 4067 887 4134 Graeco
911 4068 1090 4155 archetypo
1108 4071 1208 4140 oolla-

385 4177 491 4258 tiene,
516 4175 626 4244 habita
655 4183 765 4246 tamen
798 4179 927 4249 ratione
953 4189 1064 4250 tentus
1090 4185 1205 4271 Orige-

386 4287 491 4368 niani,
520 4287 577 4372 qui
609 4287 744 4356 suberat
774 4291 960 4376 interpreti.
991 4295 1209 4379 proprietatis

386 4397 461 4466 ideo
485 4398 650 4465 sermonis
676 4399 799 4482 Syriaci
823 4403 899 4486 plns
919 4405 1029 4472 minus
1054 4426 1209 4477 necessa-

387 4510 437 4577 rio
461 4511 571 4595 periit,
589 4528 665 4580 cum
686 4513 769 4580 adeo
794 4515 923 4582 differat
949 4519 1110 4588 Graecum
1128 4522 1210 4590 idio

387 4639 440 4690 ma
463 4641 481 4690 a
506 4625 599 4707 Syro.
626 4625 779 4697 Attamen
796 4628 960 4714 cumipse
978 4632 1123 4700 Graecus
1142 4642 1211 4702 tex-

388 4741 442 4804 tus
458 4753 499 4803 ex
516 4737 681 4818 hebraeo,
698 4738 750 4806 rel
767 4739 866 4807 etiam
883 4740 1049 4810 Chaldaeo
1065 4763 1129 4829 pro
1144 4748 1212 4815 eri-

388 4865 450 4934 gua
463 4855 558 4934 parte
573 4847 617 4916 sit
628 4849 794 4919 derivatus
808 4871 909 4938 opera
922 4853 1141 4940 interpretum
1155 4862 1210 4946 qni

388 4966 483 5026 erant
506 4962 656 5030 llebraeo
680 4971 713 5032 et
736 4965 897 5034 hramaeo
913 4968 1048 5052 assucti,
1069 4970 1211 5058 ideoque

388 5071 491 5140 multe
515 5075 679 5144 sermonis
703 5077 872 5164 archetypi
888 5079 1046 5150 idiomata
1062 5083 1095 5150 in
1113 5087 1212 5156 Grae

389 5201 461 5252 cam
473 5185 667 5256 versionem
684 5187 816 5257 inducta
832 5190 965 5275 luerint,
983 5193 1053 5278 ipsa
1078 5195 1210 5280 Syriaca

269 5351 274 5360 .
390 5297 516 5382 versio,
540 5301 634 5385 cujus
658 5301 768 5384 lingua
785 5301 868 5370 'adeo
885 5305 1060 5391 conjuncta
1077 5315 1128 5374 est
1145 5307 1211 5377 lor-

390 5401 453 5476 ml's
470 5411 637 5480 Hebraicis
661 5419 694 5480 et
719 5412 913 5498 Chaldaicis,
930 5415 1095 5485 serviliter
1110 5421 1211 5490 Grae·

391 5539 462 5588 cam
485 5523 641 5608 reddens,
665 5543 750 5612 quae
766 5527 871 5594 aliena
888 5536 983 5596 erant
999 5529 1087 5612 huic,
1104 5549 1141 5598 ea
1158 5550 1213 5601 re

392 5634 452 5702 luti
467 5635 530 5704 sibi
551 5637 685 5722 propria
702 5639 855 5721 resumit,
873 5647 906 5708 et
923 5640 1064 5726 proinde
1080 5641 1163 5710 dura
1179 5652 1212 5711 et

392 5747 533 5816 obscura
557 5747 590 5815 in
607 5751 733 5817 Graeco
756 5757 793 5818 ut
814 5752 990 5838 perspicua
1014 5759 1047 5820 et
1064 5753 1126 5821 sibi
1142 5755 1211 5824 lere

393 5861 497 5928 natira
523 5861 666 5930 exhibet.
692 5862 787 5943 Quod
812 5869 1006 5940 tamennon
1035 5863 1212 5936 dicendum

1294 3165 1360 3252 jori
1384 3164 1572 3234 fruentibus
1589 3165 1751 3251 relinquo.
1769 3165 1886 3233 Utrum
1908 3173 2019 3232 tamen
2037 3167 2123 3232 Pau-

1298 3282 1349 3347 lus
1375 3295 1414 3344 en
1439 3277 1591 3361 llesychil
1617 3277 1797 3358 Glossario,
1814 3277 1843 3343 sl
1859 3277 1892 3344 id
1909 3285 2019 3344 tamen
2036 3277 2124 3359 lecit,

1300 3392 1468 3474 sumserit,
1492 3410 1533 3458 an
1558 3409 1599 3457 ex
1623 3391 1765 3457 aliorum
1788 3391 1916 3459 Glossis
1933 3392 2066 3460 Graecis
2091 3391 2123 3458 in

1300 3505 1381 3574 illud
1399 3513 1515 3592 postea
1540 3505 1701 3586 conllatis,
1727 3505 1850 3573 nescio.

1346 3623 1529 3688 Demuma
1563 3619 1742 3687 codicibus
1769 3619 1954 3687 uncialibus
1985 3617 2125 3686 vertisse

1300 3733 1440 3802 Paulum
1472 3751 1513 3800 ex
1545 3739 1651 3800 aetate
1685 3733 1834 3819 ciusdem
1865 3731 2059 3817 probabile,
2092 3737 2126 3797 et

1298 3845 1453 3912 evincunt
1478 3863 1576 3912 voces
1601 3845 1691 3930 ipsae
1717 3843 2031 3943 Graecaetun‘cisles
2056 3863 2126 3912 sae

1297 3958 1434 4044 pissime
1466 3957 1636 4043 appositae
1669 3959 1701 4024 ln
1732 3955 1909 4026 codicibus
1936 3956 2124 4024 versionis:

1300 4071 1332 4138 in
1350 4088 1416 4157 quo
1440 4069 1641 4138 conveniunt
1658 4070 1764 4136 nostri
1782 4087 1857 4137 cum
1875 4068 1978 4137 codd.
1997 4069 2122 4136 lleoen-

1300 4183 1404 4250 sionis
1428 4181 1683 4250 Philoxenianae
1701 4199 1762 4267 per
1785 4183 1944 4250 thomam
1962 4181 2123 4249 llarhlen·
2206 4183 2212 4202 “

1302 4313 1372 4364 sem
1397 4295 1459 4379 (cl.
1485 4296 1544 4363 Ed.
1574 4295 1699 4376 While,
1728 4300 1762 4360 el
1786 4293 1927 4361 Tabulas
1942 4289 2064 4360 .lldlerl
2088 4293 2122 4358 in

1308 4407 1390 4473 vers.
1415 4407 1558 4492 Syr.),et
1583 4423 1658 4473 cum
1684 4405 1804 4474 Codice
1831 4404 2044 4472 pentateuchi
2064 4407 2124 4471 Re-

1302 4519 1469 4588 censionis
1499 4519 1610 4587 Jacobi
1644 4517 1804 4586 Edesseni
1840 4518 1909 4602 (Gi.
1940 4517 2062 4582 Noricos
2096 4527 2124 4582 et

1302 4634 1407 4712 Eser,
1426 4635 1476 4714 lv,
1494 4649 1525 4718 p.
1543 4633 1634 4716 653).
1653 4631 1773 4700 lisdem
1789 4629 1993 4716 argumentis
2017 4629 2125 4712 argui-

1303 4751 1359 4810 tur
1383 4737 1601 4811 codloes‘bos
1613 4761 1680 4810 non
1697 4743 1852 4811 habuisse
1868 4759 1987 4811 recum
2005 4741 2123 4808 distin-

1303 4853 1439 4936 tionem,
1463 4853 1581 4923 saltem
1598 4873 1638 4922 er
1662 4873 1780 4940 magna
1804 4861 1909 4940 parte,
1927 4871 1989 4922 nec
2005 4869 2123 4921 accen-

1303 4975 1368 5050 tus,
1393 4967 1460 5034 imo
1483 4985 1545 5035 nec
1569 4969 1660 5052 ipsos
1684 4969 1831 5054 spiritus,
1849 4969 1877 5037 si
1898 4983 2054 5053 asperum
2071 4965 2123 5032 bic

1303 5081 1369 5149 illic
1392 5081 1548 5166 excipias,
1573 5089 1733 5167 quantum
1745 5099 1791 5148 er
1808 5081 1958 5166 pluribus
1976 5077 2059 5146 locis
2075 5077 2122 5144 al-

1302 5195 1434 5262 firmare
1458 5194 1544 5262 licet.
1570 5197 1653 5262 Cum
1676 5195 1709 5260 in
1734 5211 1806 5266 mea
1838 5193 1984 5262 editione
2014 5187 2123 5258 omnia

1302 5307 1423 5373 Graeca
1447 5322 1575 5373 summa
1588 5305 1653 5373 nde
1669 5306 1841 5374 exhibeam
1858 5306 1890 5372 in
1907 5303 2055 5389 margine
2072 5301 2122 5368 in·
2204 5299 2206 5304 '

1304 5424 1400 5484 terno
1424 5417 1509 5485 inlra
1526 5425 1665 5500 textum,
1682 5419 1738 5503 qui
1762 5417 1866 5503 cupit,
1891 5418 1937 5486 ibi
1961 5415 2123 5504 inspiciat.

1305 5530 1525 5598 conterantur
1541 5547 1673 5615 quoque
1690 5537 1790 5599 notae
1806 5530 1847 5598 ad
1858 5529 1998 5612 llarucb,
2011 5531 2050 5610 ll,
2067 5529 2123 5608 2⁹,

1304 5643 1411 5725 rnre,
1436 5645 1479 5725 ll,
1514 5645 1556 5710 ta
1588 5651 1621 5710 et
1646 5641 1733 5710 alibi.
1757 5643 1974 5711 iotacismurn
1998 5641 2031 5707 in
2056 5635 2121 5706 illis

1303 5771 1436 5842 quoquo
1459 5755 1637 5823 codicibus
1658 5753 1844 5823 obtinuisse
1859 5771 1919 5840 par
1935 5761 1988 5821 ost
2002 5769 2044 5819 en
2062 5753 2124 5818 co

1304 5867 1431 5937 dicibus
1455 5865 1693 5953 antiquissimis
1717 5865 1815 5948 notis,
1841 5871 1876 5932 et
1898 5863 2056 5934 summor
2069 5877 2125 5928 ro
