4690 6406
919 230 1098 292 -ῖίΙ-

153 409 261 472 heo.
279 409 318 472 Et
345 403 503 489 cogitauit
527 421 586 472 rex
611 405 728 474 chane-
1041 409 1112 474 tot.
1127 427 1156 472 a.
1172 411 1211 473 Et
1236 406 1347 490 genuit
1372 406 1404 472 ln
1429 405 1582 516 septima
1628 399 1632 408 '

150 521 237 584 llll
301 535 353 584 arn
379 517 614 603 cogitationem
638 535 713 604 pes·
1195 539 1310 588 narum
1336 527 1451 606 quarto
1477 519 1509 584 in

299 634 415 700 simam
440 640 476 700 ut
500 631 671 717 adfligeret
698 651 766 700 eos·

282 751 323 814 Et
347 746 462 812 in'illo
489 749 639 830 tempore
664 743 711 813 di·

302 867 423 927 xerunt
448 859 591 944 aegyptii
615 876 691 927 erce

304 973 449 1060 populus
473 973 619 1040 saliorum
642 973 688 1040 is-

300 1085 404 1152 trahel
429 1085 668 1170 multiplicatus

301 1205 351 1265 est
375 1197 472 1264 ualde
497 1203 531 1264 et
555 1195 688 1281 plurimi

300 1309 373 1378 lauti
399 1315 478 1376 sunt
502 1328 601 1395 quam
626 1327 688 1379 nos

302 1422 410 1489 uenite
436 1441 515 1507 orgo
540 1423 709 1508 odnige·

301 1553 374 1601 mus
399 1553 458 1602 eos
483 1535 677 1621 priusquam

302 1645 565 1730 multiplicentur
589 1655 622 1714 et

303 1760 513 1828 humiliemus
538 1779 598 1828 eos
623 1761 656 1826 in

302 1875 458 1959 operibus
483 1875 633 1960 ipsorum
659 1893 700 1943 ne

301 1988 382 2054 torte
407 1995 560 2056 occurrat
582 2005 643 2056 no-

303 2099 351 2166 bis
374 2100 501 2167 bellum
525 2107 559 2168 et
584 2107 662 2169 tuno

303 2211 544 2297 belligerabunt
568 2221 601 2281 et
625 2214 690 2300 ipsi

304 2343 362 2392 nos
387 2343 490 2410 super
513 2326 667 2396 inimicos

303 2446 436 2506 nostros
461 2445 621 2506 exeuntes

302 2551 343 2617 de
368 2561 455 2620 terre
480 2549 604 2618 ndstra·

303 2670 440 2750 propter
464 2663 555 2749 quod
579 2681 638 2732 cor

305 2779 453 2863 ipsorum
478 2785 511 2845 et
535 2779 649 2844 uultus

304 2907 421 2956 eorum
445 2891 478 2957 in
503 2897 693 2958 teraoana-

301 3021 343 3070 an
367 3011 419 3070 est
443 3007 483 3071 Et
507 3001 655 3088 inposuit

196 3147 212 3182 ι.
303 3133 488 3202 superous
512 3133 570 3184 rer
595 3132 673 3182 ere-

303 3237 439 3298 outores
464 3245 606 3314 operum
630 3236 667 3295 ut
740 3313 743 3320 .

301 3342 457 3427 adfligant
479 3359 539 3409 eos
563 3341 597 3408 in
622 3357 702 3426 ope-

301 3455 393 3523 ribus
418 3455 569 3540 ipsorum

279 3569 324 3633 Et
347 3565 608 3634 aedibeauerunt
632 3565 679 3632 oi-

302 3681 423 3748 uitates
447 3681 592 3748 munitas
616 3679 660 3746 la·

306 3793 399 3860 raoni
425 3791 573 3879 phytoni·
599 3797 633 3858 et
657 3809 742 3858 ram-

300 3923 409 3974 masse
433 3913 466 3974 et
490 3923 566 3974 oon·
591 3913 624 3974 et
647 3923 702 3974 ae·

304 4019 523 4088 didcauerunt
547 4035 681 4086 omnem

302 4151 435 4200 murum
460 4133 514 4219 qui
540 4140 610 4200 erat
635 4131 726 4200 diru-

304 4253 357 4313 tus
380 4245 414 4312 in
439 4245 629 4313 ciuitatibus
658 4262 780 4330 aeqyp-

305 4359 329 4426 ti
353 4359 605 4444 etredigerunt
629 4375 689 4425 eos

304 4471 337 4538 in
361 4472 557 4540 seruitutem
582 4489 658 4538 cum
676 4455 726 4538 ui·

304 4593 338 4654 et
361 4593 521 4672 quantum
545 4601 604 4652 eos
629 4584 692 4651 bu-

304 4679 473 4768 miliabant
495 4699 602 4766 multo

305 4813 379 4898 plus
402 4810 668 4896 multiplicaban-

304 4935 368 4996 tur·
391 4935 426 4995 et
446 4926 682 4996 abominaban-

304 5051 358 5110 tur
380 5040 522 5126 aegyptii
546 5039 632 5106 tilios
655 5038 801 5107 istrahel·

142 5159 256 5226 xtt‘lt
285 5155 326 5223 Et
342 5153 617 5242 quadragensimo

306 5267 449 5354 septimo
474 5265 606 5338 iubeleo

305 5381 337 5448 in
362 5380 622 5466 septimanarum
657 5395 731 5464 sep-

305 5494 375 5562 timi
399 5494 477 5563 anni
501 5492 645 5579 septimo

307 5601 378 5670 eius
403 5601 540 5672 aduenit
563 5609 658 5686 pater

307 5733 387 5785 suus
411 5716 453 5785 de
478 5723 564 5786 tarra
585 5731 710 5784 mnaan

1194 651 1280 700 anno
1305 641 1399 700 serto
1423 629 1527 716 ipsius'

1195 745 1469 830 quadragensimo
1495 761 1548 810 ot·-

1192 865 1267 925 tauo
1293 857 1422 924 iubeleo
1447 857 1509 922 boo
1534 862 1584 921 est

1193 977 1322 1053 tempus
1349 967 1532 1035 tribulatio-

1192 1081 1243 1146 nis
1258 1098 1369 1164 .super
1393 1079 1478 1145 hlios
1502 1077 1636 1146 istrahel
1703 1065 1705 1068 ’

1193 1201 1224 1260 et
1249 1191 1397 1260 decreuit
1422 1193 1510 1258 larao
1535 1209 1592 1258 rex

1192 1306 1320 1389 aegypti
1345 1305 1515 1372 decretum

1194 1432 1377 1499 supereos
1402 1423 1438 1482 ut
1462 1415 1588 1500 proice·

1192 1535 1266 1595 rent
1289 1529 1376 1596 lilios
1400 1529 1550 1613 ipsorum

1195 1657 1310 1708 omnes
1335 1641 1500 1708 masculos
1524 1641 1579 1726 qui

1193 1751 1413 1821 nascebantur
1436 1754 1500 1821 illis

1194 1867 1225 1932 in
1251 1865 1395 1933 humine·
1420 1870 1461 1932 Et
1486 1873 1578 1933 erant

1192 1977 1430 2063 prospieientes
1454 1995 1544 2044 men-

1193 2093 1283 2159 sibus
1309 2097 1436 2176 septem
1461 2107 1566 2175 usque
1591 2090 1623 2156 iu

1195 2219 1326 2295 tempus
1351 2227 1417 2294 quo
1443 2215 1598 2275 lunatos

1193 2343 1228 2390 es
1254 2331 1287 2390 et
1311 2321 1429 2390 uelauit
1454 2329 1485 2388 te
1509 2327 1614 2388 mater

1195 2449 1249 2508 tua
1274 2441 1443 2508 mensibus
1469 2437 1574 2506 tribus
1599 2445 1631 2504 et

1194 2553 1424 2622 indicauerunt
1449 2553 1489 2620 de
1513 2569 1550 2618 ea
1570 2543 1585 2564 ⁰

1170 2671 1210 2733 ht
1234 2666 1288 2732 illa
1314 2665 1433 2732 timens
1458 2663 1534 2730 lenit
1559 2662 1598 2728 ti·

1193 2779 1249 2846 biu
1274 2786 1307 2846 et
1330 2777 1438 2844 liniuit
1462 2793 1534 2844 eam
1560 2775 1608 2842 ui-

1082 2957 1084 2962 .
1195 2891 1320 2958 lumine
1345 2896 1377 2957 ot
1402 2889 1474 2975 pice
1500 2897 1532 2957 et
1556 2905 1617 2974 po-

1194 3005 1260 3072 suit
1284 3023 1356 3072 eam
1381 3023 1478 3072 serus
1503 3003 1582 3070 litus

1081 3117 1107 3182 h.
1191 3115 1335 3184 llurninls
1361 3123 1393 3183 et
1417 3116 1530 3202 posuit
1555 3123 1586 3182 te

1194 3229 1226 3294 in
1252 3246 1324 3295 eam
1349 3236 1478 3313 septem
1503 3229 1573 3295 dies

1195 3349 1227 3408 et
1251 3349 1357 3409 rnater
1381 3349 1435 3410 tua
1461 3343 1614 3410 ueniebat

1196 3473 1255 3540 per
1279 3465 1411 3523 nortem
1436 3465 1469 3524 et
1487 3457 1593 3542 porri-

1196 3568 1292 3652 gebat
1316 3568 1374 3636 tibi
1400 3569 1519 3636 lactem
1544 3587 1604 3654 per

1194 3680 1281 3747 diem
1305 3699 1403 3749 soror
1427 3687 1481 3748 tua
1506 3681 1607 3750 maria
1706 3698 1710 3708 ·

1195 3792 1402 3861 custodiebat
1428 3801 1459 3860 te
1484 3795 1524 3862 ab
1549 3793 1667 3862 auibus

1173 3907 1213 3972 Et
1238 3905 1272 3973 in
1298 3912 1448 3992 tempore
1473 3907 1530 3974 illo
1555 3907 1625 3974 exi-

1194 4017 1242 4085 uit
1266 4025 1387 4087 termut
1413 4019 1479 4088 tilia
1502 4021 1589 4088 lara-

1193 4129 1266 4198 onis
1291 4131 1393 4198 lauari
1416 4133 1453 4198 in
1477 4133 1613 4200 llumine

1193 4249 1225 4308 et
1250 4241 1376 4312 audiuit
1401 4261 1519 4312 uocem
1545 4252 1635 4314 tuam

1192 4355 1301 4424 ilentis
1325 4363 1359 4424 et
1383 4357 1466 4426 dixit
1490 4359 1583 4444 puel-

1193 4469 1578 4540 mmmmm

1191 4581 1253 4650 sibi
1277 4581 1435 4652 infantem
1459 4591 1492 4652 et
1515 4585 1603 4652 adto-

1194 4697 1304 4764 lerunt
1329 4703 1371 4764 te·
1396 4705 1429 4764 et
1454 4696 1576 4765 tollens

1194 4816 1226 4875 te
1251 4807 1292 4874 de
1317 4807 1399 4876 tibin
1423 4809 1571 4893 pepercit

1194 4937 1296 5006 super
1320 4911 1352 4987 to
1376 4927 1409 4988 et
1433 4919 1515 4988 dixit
1539 4919 1586 4988 illi

1196 5052 1292 5116 soror
1317 5042 1372 5101 tua
1397 5032 1451 5102 ibo
1476 5041 1510 5102 et
1533 5051 1632 5102 uoca-

1197 5167 1239 5216 uo
1265 5148 1323 5218 tibi
1349 5150 1376 5216 si
1402 5148 1453 5217 uis
1476 5147 1648 5218 mulierem
1767 5237 1775 5254 ⁸
1874 5174 1878 5182 ·

1196 5263 1352 5332 hebream
1370 5279 1454 5347 quae
1479 5261 1582 5330 nutri-

1196 5385 1229 5444 at
1253 5376 1345 5444 illum
1378 5375 1447 5444 tibi·
1472 5383 1506 5444 et
1529 5373 1611 5442 dixit
1636 5373 1666 5440 ei

1198 5487 1283 5556 uade
1307 5493 1340 5554 et
1362 5487 1421 5553 illo
1443 5487 1577 5556 uocauit

1195 5609 1336 5671 matrem
1360 5619 1454 5670 suam
1478 5609 1512 5670 et
1535 5609 1625 5672 tuam

1196 5715 1334 5786 loeallet·
1359 5723 1393 5786 et
1416 5715 1508 5786 dedit
1531 5715 1578 5785 illi
