4594 6452
1208 221 1411 291 -152-

445 382 557 450 κάλουν
585 380 639 448 τόν
660 377 847 446 Ἀθανάσιον.
870 374 959 444 Ἀλλ’
979 383 996 442 6
1019 375 1124 444 πάντα
1155 383 1264 468 ἐφορῶν

357 485 361 492 ’
444 493 599 586 ὀφθαλμός
612 503 667 560 τοῦ
690 503 767 560 Θεοῦ
789 499 843 558 οῦκ
865 493 963 556 εἰασεν
979 495 1172 556 ὲπιπλεῐστον
1187 496 1264 556 λαν-

444 606 541 672 θάνειν
563 605 616 672 τόν
639 602 815 696 Ἀρσίκαν,
830 602 914 669 ἀλλά
938 611 1056 693 πρῶτον
1078 601 1133 692 μὲν
1156 607 1187 666 ὲν
1210 609 1264 666 Αἰ-

444 719 551 810 γύπτῳ
566 718 619 782 καὶ
635 709 770 788 θηύαίδι
786 709 878 790 δῆλος
892 713 1014 806 γέγονεν
1029 713 1077 778 δτι
1092 705 1141 800 ζῇ·
1156 713 1264 778 ἔπειτα

443 829 584 914 ἐνέβαλεν
607 836 690 912 αύτῷ
713 837 729 894 6
753 829 837 906 θεὸς,
852 835 891 903 εἰς
914 825 1005 901 αὑτός
1027 826 1182 918 ἐσύστερον
1199 818 1263 897 διη·

385 1023 392 1038 ι
442 943 572 1036 γήσατο,
588 943 645 1014 τὴν
668 941 754 1033 παρά
776 951 830 1005 τοῦ
845 937 1028 1006 ΙΑθανασίου
1051 937 1136 1028 παρά
1159 947 1265 1004 πάσαν

442 1048 556 1122 ἐλπίδα
578 1052 830 1145 πρυτανευθεϊσαν
854 1058 937 1133 αύτῷ
959 1052 1109 1141 σωτηρίαν
1125 1042 1265 1141 διαλογί-

442 1165 564 1246 σασθαι,
586 1165 632 1231 ἔτι
654 1165 691 1231 τέ
713 1166 767 1230 καί
789 1156 903 1229 ἀδικεῖν
918 1189 920 1192 ·
935 1163 1026 1228 αἰιτδν
1050 1164 1103 1226 καί
1132 1185 1264 1252 παρανο·

442 1281 515 1370 μίαν
530 1281 677 1370 μεγίστην
689 1261 885 1369 ’ἑργάζεσθαη
900 1282 926 1340 εἰ
948 1273 1001 1340 τόν
1024 1273 1182 1365 εῦεργέτην
1204 1297 1264 1339 πα·

442 1384 516 1486 ρίδοι
538 1391 661 1474 θανάτῳ
685 1390 782 1456 ένεκεν
807 1381 1137 1465 αύτοῦῦπούληθῆναι,
1153 1385 1265 1477 καὶμὴ

442 1511 561 1596 μᾶλλον
585 1503 676 1570 αύτθν
700 1501 771 1594 ὑπὲρ
795 1503 905 1568 ἐκείνου
927 1498 1080 1568 τεθνάναι.
1104 1497 1193 1590 Ι’ίίγει
1216 1493 1266 1564 οὖν

444 1618 534 1686 αὐτόν
558 1625 574 1682 6
597 1627 658 1682 τῶν
681 1617 758 1681 ὅλων
781 1612 922 1706 πρύτανις
949 1619 979 1678 έν
1001 1623 1042 1700 τῇ
1068 1612 1170 1704 Τύρῳ,
1193 1611 1265 1678 ένθα

443 1741 462 1804 η
486 1721 721 1822 τραγῳδουμένη
744 1729 811 1818 χείρ
836 1725 895 1792 ῦπό
917 1735 977 1791 τῶν
1000 1735 1194 1816 συκοφαντῶν
1216 1725 1266 1790 ἐπὶ

442 1839 501 1910 τῶν
532 1853 638 1934 κριτῶν
668 1841 855 1933 προεφέρετο.
887 1847 998 1904 Τοῦτον
1028 1847 1056 1902 οἰ
1085 1834 1266 1903 Ἀθανασίου

443 1955 623 2046 θεασάμενοι
646 1953 774 2020 σύνοικοι
796 1951 916 2044 ἤγαγον
939 1956 970 2016 έν
984 1961 1031 2037 τῇ.
1050 1956 1147 2016 αἰετῶν
1166 1974 1264 2016 κατα·

443 2079 541 2161 γωγῇ,
564 2069 619 2134 καὶ
640 2065 788 2157 μαθόντες
810 2067 883 2154 παρ’
900 2070 993 2130 αὐτοῦ
1015 2063 1059 2128 τά
1076 2087 1112 2128 τε
1134 2073 1191 2140 της
1211 2073 1266 2130 τοῦ

445 2191 522 2247 Θεοῦ
544 2182 713 2270 οἰκονομίας
735 2179 790 2244 καὶ
812 2177 854 2243 τά
877 2189 935 2254 τῆς
965 2183 1057 2242 αὑτοῦ
1080 2175 1266 2268 προθυμίας,

443 2292 601 2360 λανθάνειν
617 2291 708 2358 αῦτθν
724 2297 754 2356 έν
777 2299 822 2373 τῷ
844 2288 919 2366 τέως
933 2289 1156 2381 παρεκάλεσαν.
1170 2287 1210 2354 '0
1232 2279 1266 2354 δθ

444 2409 542 2500 μέγας
555 2404 736 2481 Ἀθανάσιος
757 2405 815 2470 ὑπὸ
830 2405 888 2475 τὴν
911 2401 1027 2469 έωθενα
1049 2402 1206 2485 κατέλαβε
1229 2399 1266 2466 τό

423 2511 590 2610 Ισυνέδριον
614 2517 681 2607 ἅμα
706 2514 841 2606 Τιμοθέῳ
863 2517 917 2582 καί
940 2516 1085 2606 Μακαρίῳ
1108 2527 1171 2590 τοῖς
1193 2521 1266 2580 εαυ-

341 2619 348 2642 ⁸
444 2641 499 2698 τοῦ
520 2630 746 2723 πρεσβυτέροις,
770 2631 908 2704 καὶτοῖς
936 2627 988 2693 σὺν
1011 2634 1094 2710 αύτῶ
1126 2627 1189 2693 ἀπό
1211 2637 1268 2701 της

444 2737 675 2834 Ἀλεξανδρείας
689 2749 785 2808 ἐκεῖσε
799 2741 1061 2834 παραγενομένοις.
1073 2741 1135 2806 Καί
1150 2749 1266 2831 πρῶτον

446 2857 499 2947 μὲν
522 2857 643 2949 γύναιον
666 2853 831 2947 εἰσήγαγον
855 2854 1010 2936 ἀκολασίᾳ
1033 2845 1202 2929 συνέζηκύς,
1225 2847 1267 2916 Ἠ

447 2962 481 3034 δὲ
504 2959 614 3040 ἀνέδην
637 2965 730 3052 ἐβόα,
753 2964 914 3057 παρθενίας
936 2965 989 3056 μέν
1012 2962 1266 3056 ἰπαγγέλεσθαιέ

446 3081 599 3173 λέγουσα,
622 3079 675 3146 τόν
698 3069 732 3145 δθ
753 3075 955 3156 Ἀθανέσιον,
978 3067 1195 3154 έπεξενωθέντα
1226 3083 1271 3162 εἰς

446 3193 503 3266 τὴν
527 3199 622 3268 αὐτῆς
643 3191 854 3284 καταγωγὴν,
876 3183 1044 3279 όιάσασθαι
1074 3189 1190 3267 αὑτήν,
1213 3189 1267 3280 καί

317 3298 320 3305 ’
448 3307 581 3374 ἄκουσαν
610 3297 788 3396 διαφθεῖραι.
813 3303 933 3369 Τούτων
962 3305 1014 3369 ὑπ’
1031 3305 1144 3380 ἰκείνης
1172 3307 1265 3395 λεγο-

447 3420 562 3512 μένων,
584 3415 722 3491 εἰσῆλθεν
756 3425 773 3481 6
806 3417 1084 3510 κατηγορούμενος,
1108 3425 1197 3486 συνῆν
1231 3408 1266 3482 δέ

448 3539 532 3614 αύτῷ
554 3529 622 3621 ἅμα
643 3541 708 3605 τοῖς
729 3529 835 3604 ἄλλοις
858 3527 1001 3618 Τιμόθεος
1023 3535 1040 3592 6
1063 3528 1267 3619 πρεσβύτερος,

448 3643 523 3735 ἀνὴρ
553 3634 752 3734 ἀξιάγαστος·
773 3649 833 3704 τῶν
857 3631 892 3705 δὲ
922 3631 1074 3706 δικαστῶν
1104 3639 1267 3731 ἀπολογή-

448 3754 561 3824 σασθαι
586 3755 666 3845 πρὸς
695 3753 752 3824 τὴν
786 3753 974 3844 κατηγορίαν
1008 3751 1060 3817 τόν
1088 3749 1267 3817 Ἀθανάσιον

448 3867 713 3959 προσταττόντων,
736 3873 752 3930 6
775 3865 829 3956 μέν
851 3861 1030 3940 Ἀθανίισιος
1052 3865 1207 3956 ἐσίγησεν,
1229 3873 1268 3940 ὡς

449 3987 503 4048 οῦκ
525 3979 564 4045 ῶν
587 3979 678 4055 αὐτὸς
701 3987 717 4044 6
740 3977 1008 4069 κατηγορούμενος,
1030 3985 1046 4042 6
1070 3969 1104 4042 δὲ
1128 3977 1269 4068 Τιμόθεος

421 4173 423 4180 Ι
450 4097 506 4182 ἔφη
529 4089 601 4182 πρὸς
622 4091 679 4162 τὴν
700 4099 839 4182 γυναῖκα·
861 4085 944 4181 Ἐγώ
969 4113 1025 4168 σοι,
1047 4083 1072 4154 ὦ
1094 4091 1191 4184 γύναι,
1213 4115 1268 4156 συ-

449 4205 575 4294 νέτυχον
597 4201 740 4285 πύποτε;
763 4209 803 4276 εἰς
825 4193 931 4284 δὲτὴν
955 4201 1010 4272 σὴν
1033 4205 1130 4268 οἰκίαν
1152 4201 1267 4274 εἰσελθ-

450 4313 529 4382 λυθα
551 4315 648 4398 ποτέ;
671 4312 713 4379 Ἠ
737 4303 772 4378 δέ
794 4303 1003 4404 ἀναιδέστερον
1028 4314 1123 4396 ἐβόα,
1151 4309 1269 4408 διαμα·

361 4448 366 4456 ·
450 4427 565 4520 χομένη
588 4436 633 4512 τῷ
656 4423 798 4517 Τιμοθέῳ,
822 4425 875 4522 καί
896 4425 968 4515 πρός
991 4427 1082 4492 αἰτόν
1104 4426 1162 4498 τὴν
1182 4439 1269 4520 χεῐρα

450 4536 612 4634 ἐξάγουσα,
637 4541 690 4606 καί
712 4524 939 4628 κατεπέχουσα,
962 4539 1014 4603 καὶ
1036 4519 1269 4630 λέγουσαάύτῷ

450 4665 495 4740 τῶ
519 4651 661 4745 Τιμοθέῳ·
685 4651 723 4717 Σύ
746 4673 803 4742 μου
818 4649 875 4721 τὴν
898 4647 1060 4742 παρθενίαν
1075 4654 1217 4742 ἀφείλου·
1233 4653 1269 4718 σύ

451 4791 490 4860 με
504 4778 561 4844 τῆς
583 4766 769 4859 σωφροσύνης
783 4763 965 4856 έγύμνωσας·
981 4762 1017 4828 σύ
1039 4787 1096 4853 μου
1111 4763 1148 4830 τό
1163 4765 1268 4854 σεμνόν

451 4895 508 4958 τῆς
529 4877 628 4972 ψυχῆς
649 4880 825 4971 θχρείωσας·
847 4877 900 4942 καί
914 4876 957 4944 τιὶ
980 4875 1065 4942 ἄλλα
1088 4879 1147 4943 ὅσα
1169 4877 1269 4970 λέγειν

451 4993 587 5062 εἰώθασιν
603 5003 636 5060 αἰ
659 4985 699 5058 δι’
711 4993 880 5067 ἀκολασίας
894 4987 1061 5080 ὑπερβολὴν
1076 4997 1131 5056 οῦκ
1145 4993 1269 5082 ἔχουσαι

339 5099 349 5118 ”
450 5109 508 5181 τὴν
531 5100 617 5174 αἰδῶ.
639 5105 702 5172 Καὶ
724 5099 760 5176 ἀν
783 5105 874 5180 όντως
896 5093 1040 5186 ἔκπληξις
1061 5127 1128 5169 τ...
1151 5104 1270 5195 ρύμιαί

452 5221 507 5288 καί
527 5219 642 5296 παντός
657 5215 813 5308 θαύματος
835 5207 945 5309 μεῖζον,
959 5219 1007 5282 ὅτι
1023 5213 1201 5294 Ἀθανάσιος
1215 5217 1270 5310 μέν

498 5425 513 5472 ⁸
536 5421 590 5494 Sic
618 5427 634 5493 ἰ
661 5439 717 5506 m.,
741 5421 801 5492 sed
822 5421 931 5492 uerius
955 5421 1131 5508 corrigitur
1153 5419 1201 5486 ἕω.

499 5539 514 5584 ⁹
536 5539 590 5608 Sic
616 5540 631 5606 ί
658 5553 715 5627 m.,
738 5538 760 5604 Ξ
784 5552 828 5604 m.
852 5531 1111 5626 ἐπαγγέλλεσθαι.
1193 5579 1199 5590 .

358 5641 366 5656 “
500 5651 511 5699 ¹
537 5651 592 5720 Sic
615 5667 700 5737 quau
723 5654 904 5734 supersunt
927 5646 1025 5734 plenu
1049 5665 1089 5716 ex
1115 5651 1129 5716 ἰ
1157 5665 1272 5732 mauu,

455 5767 567 5837 charta
583 5781 692 5848 exesa,
708 5765 731 5834 ε
746 5779 846 5832 muuu
862 5761 950 5846 ίοοίἰ,
974 5769 1012 5831 ut
1034 5761 1175 5846 ridetur,
1197 5785 1272 5828 τ...

453 5879 587 5972 ρώμεναι
613 5875 758 5967 spatium
785 5891 901 5961 uuam,
926 5875 967 5945 ad
998 5891 1166 5946 summum
1189 5873 1272 5944 duas

1354 389 1565 470 κατηγορεῖτο,
1578 377 1718 470 Τιμόθεος
1729 371 1764 448 δέ
1776 385 1959 448 ἀνεκαλεῖτο.
1969 381 2061 462 Ούτω
2072 375 2115 455 δὴ
2123 393 2187 452 τῶν

1354 491 1392 556 τθ
1415 487 1517 582 δρᾶμα
1540 491 1770 558 συντεθεικότων
1791 493 2097 586 καταισχυνθέντων,
2121 505 2185 589 έρυ·

1355 603 1538 694 θμιασάντων
1554 596 1589 671 δὲ
1604 605 1657 672 καί
1671 617 1731 690 τῶν
1747 599 1909 688 δικαστῶν,
1925 610 1990 674 ὅσοι
2013 611 2186 706 συνίστορες

1354 711 1446 796 ἦσαν,
1469 717 1656 800 ἐκβληθῆναι
1677 717 1714 783 τό
1737 717 1858 810 γύναιον
1880 713 2087 810 προσέταξαν.
2106 723 2187 787 Τότε

1355 818 1395 898 δὴ
1411 835 1428 892 6
1444 825 1519 903 θείος
1532 824 1712 904 Ἀθανάσιος
1725 829 1823 922 έλεγι,
1838 831 1882 920 μὴ
1898 842 2011 922 χρῆναι
2027 831 2185 922 ἀφεθῆναι

1353 938 1391 1004 τὸ
1405 938 1535 1029 γύναιον,
1559 941 1633 1004 ἀλλ’
1648 930 1792 1016 ἐξετάσαι
1815 943 1876 1008 καθ’
1888 941 2006 1031 μαθεῖν.
2025 953 2065 1010 οἰ
2082 935 2119 1010 δέ
2135 969 2187 1010 συ-

1353 1049 1504 1140 κοφάνται
1519 1051 1620 1134 ἐβόων,
1636 1052 1725 1143 έτερα
1748 1049 1822 1118 εἶναι
1844 1055 2102 1147 κατηγορήματα
2124 1082 2184 1147 χα·
2281 1095 2282 1106 1

1353 1161 1522 1252 λεπύτερα,
1535 1155 1675 1254 ούδαμῶς
1688 1163 1784 1255 τέχνῃ
1800 1167 1858 1231 τινί
1872 1168 1927 1232 καί
1942 1158 2100 1240 δεινότητι
2117 1161 2187 1234 δια-

1354 1271 1481 1346 λυθῆναι
1497 1268 1658 1365 δυνάμενα·
1675 1271 1738 1364 ὄψις
1748 1276 1807 1369 γάρ
1823 1279 1876 1344 καί
1891 1285 1946 1344 ούκ
1962 1281 2042 1352 ἀκοὴ
2060 1275 2186 1346 δικάσει

1353 1397 1416 1462 τοῖς
1431 1378 1635 1478 δεικνυμένοις.
1653 1399 1761 1454 Ταῦτα
1784 1389 1919 1468 εἰπόντες
1933 1392 1991 1464 τὴν
2006 1392 2184 1484 πολυθρύλ-

1354 1505 1449 1571 λητον
1472 1501 1586 1571 ἐκείνην
1609 1489 1771 1578 ὑπέδειξαν
1793 1503 1943 1594 λάρνακα,
1966 1507 2020 1572 καί
2043 1507 2106 1577 την
2130 1529 2183 1572 τε·

1355 1613 1573 1704 ταριχευμένην
1602 1615 1779 1707 ἐγύμνωσαν
1801 1629 1900 1708 χεῖρα.
1925 1629 1989 1685 Τῶν
2015 1611 2052 1686 δὲ
2083 1625 2118 1684 ὲν
2140 1629 2185 1700 τῷ

1354 1716 1493 1816 συνεδρίῳ
1523 1723 1708 1817 θεασάμενος
1737 1727 1867 1806 ἕκαστος
1897 1730 2045 1814 ἰβόησεν,
2068 1741 2099 1796 οἰ
2130 1731 2184 1821 μὲν

1354 1845 1415 1904 τῶν
1438 1849 1631 1927 συκοφαντῶν
1647 1841 1820 1932 συνίστορες
1843 1843 1957 1920 ἀληθές
1979 1839 2055 1909 είναι
2070 1844 2111 1910 τό
2130 1845 2182 1933 μύ·

1355 1951 1429 2025 σοςί
1447 1949 1598 2042 λέγοντες,
1614 1961 1642 2016 οἰ
1665 1943 1700 2018 δέ
1715 1952 1752 2018 τὸ
1774 1953 1829 2042 μέν
1852 1947 1958 2042 ίσῦδος
1984 1949 2111 2034 εἰδότες,
2134 1977 2182 2020 κε·

1355 2062 1483 2154 κρύφθαι
1506 2055 1540 2128 δὲ
1561 2064 1614 2129 τόν
1637 2061 1784 2156 Ἀρσίνιον
1807 2067 1853 2132 ἔτι
1883 2059 1986 2144 ζῶντα
2016 2069 2182 2162 λέγοντες,

1355 2175 1539 2266 κατεγέλων.
1555 2178 1710 2268 Μεγίστης
1730 2169 1765 2245 δέ
1779 2191 1922 2272 ταραχης
1942 2181 2183 2272 πεπληρωμένον

1354 2296 1409 2352 τοῦ
1431 2278 1579 2378 συνεδρίου
1601 2291 1655 2355 καί
1681 2290 1767 2380 μόλις
1790 2293 1937 2383 βραχείας
1956 2295 2111 2384 ιίσυχίας8
2132 2317 2181 2385 γε·

1354 2399 1539 2491 γενημένης,
1563 2401 1652 2493 ἤρετο
1675 2401 1744 2479 τοὺς
1771 2395 1923 2482 δικαστάς
1943 2413 1959 2471 6
1990 2407 2180 2499 κατηγορού·

1355 2535 1442 2603 μενος
1464 2510 1662 2594 Ἀθανάσιος,
1685 2518 1713 2580 εί
1734 2541 1780 2594 τις
1802 2523 1833 2583 έν
1857 2525 1959 2594 αύτοῐς
1981 2521 2026 2590 εἰη
2051 2519 2180 2585 έπιστίι-

1355 2631 1441 2717 μενος
1463 2627 1516 2692 τδν
1532 2628 1686 2720 Ἀρσένιον.
1711 2635 1837 2697 Πολλῶν
1860 2627 1896 2698 δέ
1918 2633 2080 2724 εἰρηκότων
2098 2641 2180 2724 ἀκρι·
2281 2713 2282 2730 γ

1356 2741 1415 2822 βῶς
1437 2731 1547 2806 εἰδέναι
1570 2745 1622 2807 τόν
1647 2735 1759 2834 ἄνδρα)
1782 2743 1937 2809 ἐκέλευσεν
1961 2753 1977 2810 6
2000 2741 2182 2820 Ἀθανάσιος

1355 2860 1463 2916 τοῦτον
1478 2851 1623 2942 ἀχθῆναι.
1641 2863 1700 2920 Τοῦ
1716 2847 1750 2920 δέ
1772 2854 1959 2933 εἰσελθόντος
1981 2857 2034 2922 καί
2049 2857 2182 2932 στάντος
2281 2913 2282 2942 r

1356 2969 1387 3030 έν
1409 2973 1454 3057 τῷ
1477 2964 1558 3055 μέσῳ
1581 2975 1635 3032 τοῦ
1658 2959 1818 3058 συνεδρίου,
1833 2968 1923 3060 ἤρετο
1939 2969 2032 3034 πάλιν
2048 2977 2065 3034 6
2081 2969 2179 3036 Ἀθα-
2281 2951 2282 2956 ¹

1355 3075 1463 3156 νάσιος,
1487 3085 1513 3142 εἰ
1535 3071 1621 3155 οὗτός
1643 3085 1724 3144 έστιν
1738 3076 1885 3170 Ἀρσένιος
1908 3089 1924 3146 6
1947 3083 2021 3172 παρ’
2036 3087 2112 3172 ἐμοῦ
2126 3083 2181 3174 μὲν
2281 3107 2282 3132 ³

1356 3189 1547 3280 ἀνῃρημένος,
1561 3191 1646 3282 παρὰ
1670 3183 1705 3257 δέ
1720 3191 1835 3258 τούτων
1857 3193 1940 3284 μετά
1963 3193 2086 3286 σφαγὴν
2102 3195 2179 3288 ὺβρι·

1356 3301 1461 3392 σμένος
1483 3305 1608 3379 καὶτῆς
1630 3294 1730 3380 δεξιάς
1753 3303 1851 3395 χειρός
1872 3305 2076 3396 ἐστερημένος.
2091 3319 2179 3373 Συνο-
2281 3343 2282 3358 ι

1356 3415 1594 3506 μολογησάντων
1617 3409 1652 3482 δὲ
1673 3417 1823 3482 πλείστων
1846 3420 1922 3484 ὅσων
1937 3427 1998 3484 τῶν
2021 3424 2052 3484 έν
2067 3429 2178 3507 τῇσυ·

1355 3519 1433 3609 νόδῳ
1457 3527 1549 3593 αὑτὸν
1571 3522 1645 3592 εἶναι
1666 3527 1720 3593 τὸν
1742 3525 1906 3620 Ἀρσένιον,
1929 3539 1985 3606 της
2008 3522 2180 3621 ἀφεστρίδος
2281 3515 2282 3586 Ῐ

1358 3641 1449 3706 αὐτόν
1472 3640 1630 3732 γυμνώσας
1659 3649 1676 3706 6
1708 3637 1783 3718 θεῖος
1804 3638 2003 3721 Ἀθανίισιος,
2025 3634 2179 3720 ὑπέδειξεν
2281 3639 2282 3718 ί

1358 3751 1449 3847 ἄμφω
1471 3753 1528 3830 τοὶς
1550 3763 1652 3846 χεῖρας
1674 3762 1729 3818 τοῦ
1751 3749 1920 3844 Ἀροανίου,
1944 3745 2047 3831 δεξιάν
2069 3779 2106 3821 τε
2127 3755 2180 3820 καὶ
2281 3785 2282 3808 2

1357 3867 1510 3956 εὐώνυμον·
1533 3865 1632 3936 ἄλλην
1655 3856 1706 3946 δὲ,
1729 3865 1805 3956 ἔφη,
1827 3857 1958 3942 ζητείτω
1987 3861 2104 3958 μηδείς·
2128 3861 2180 3934 δύο
2281 3851 2282 3936 ί

1357 3979 1416 4072 γάρ
1439 3976 1599 4067 ἀνθρώπων
1625 3977 1754 4054 ἕκαστος
1783 3979 1869 4070 παρά
1891 3987 1946 4044 τοῦ
1969 3991 2099 4052 ποιητοῦ
2122 3989 2179 4046 τῶν
2281 4013 2282 4074 γ

1356 4095 1433 4160 ὅλων
1448 4081 1620 4182 ἐδεξάμεθα
1636 4101 1745 4181 χεῖρας.
1760 4087 1862 4158 Ἀλλὰ
1885 4093 1939 4158 καί
1956 4093 2072 4159 τούτων
2088 4095 2179 4168 οὕτως
2281 4109 2282 4138 ἰ

1357 4197 1536 4296 δειχθέντων
1551 4205 1642 4294 κρίσει
1656 4213 1710 4268 τοῦ
1725 4202 1768 4270 τά
1791 4203 1896 4272 πάντα
1911 4211 2074 4296 ἀφορῶντος
2095 4217 2179 4283 θεοῦ,
2281 4225 2282 4244 ¹

1358 4311 1425 4383 δέον
1448 4308 1656 4382 καταδύεσθαι
1679 4315 1749 4392 τούς
1771 4318 1968 4410 κατηγόρους,
1991 4321 2044 4384 καί
2059 4331 2123 4386 τῶν
2137 4312 2177 4385 δι·
2281 4305 2282 4332 ¹

1347 4427 1479 4498 ’καττῶν
1493 4429 1562 4506 τοὺς
1576 4420 1758 4508 συνειδότας,
1773 4431 1827 4495 καί
1838 4429 1981 4522 εὔχεσθαι
1996 4435 2114 4521 χηναιί
2129 4431 2180 4496 καὶ

1359 4542 1454 4614 αὐτὴν
1477 4553 1534 4614 την
1557 4551 1615 4633 γῆν
1646 4543 1697 4608 ἐπ’
1714 4541 1842 4622 αύτούς,
1865 4543 1918 4608 καὶ
1949 4535 2044 4635 έρδην
2075 4547 2179 4629 λαβεῖν
2281 4511 2282 4602 ί

1359 4653 1486 4734 αύτούς,
1509 4655 1681 4720 τούναντίον
1707 4655 1863 4726 ἐποίησαν,
1889 4655 2022 4746 Θορύβου
2045 4657 2106 4748 γάρ
2129 4657 2179 4724 καί
2281 4655 2282 4716 ᾗ

1357 4767 1493 4842 στάσεως
1523 4766 1694 4838 ἀνέπλησαν
1716 4767 1754 4832 τό
1776 4758 1924 4858 συνέδριον
1935 4780 1949 4848 ,“
1967 4769 2071 4860 γόητα
2104 4777 2177 4835 ἀπο·
2281 4787 2282 4790 ’

1358 4883 1522 4956 καλοῦντες
1543 4879 1596 4945 τόν
1618 4877 1807 4960 ’Λθανάσιοη
1827 4881 1880 4946 καί
1895 4903 1957 4946 τισι
1978 4883 2180 4974 μαγγανείαις

1359 4999 1487 5058 ἀπατᾶν
1503 4993 1595 5058 αῦτθν
1609 4991 1752 5084 λέγοντες
1766 5002 1826 5058 τῶν
1842 4991 2002 5085 ἀνθρώπων
2017 4993 2076 5070 τοὶς
2094 4993 2177 5082 66ης.

1359 5106 1422 5172 Καί
1444 5104 1674 5180 ἀπαναστάντες
1702 5107 1753 5170 ἀπ’
1770 5105 1862 5170 αὐτόν
1888 5097 2029 5172 διασπᾶν
2062 5107 2176 5195 ἐπεχεί-

1359 5240 1433 5309 ρουν,
1457 5219 1510 5283 καί
1532 5215 1763 5344 κατασφάτγειν
1777 5215 1831 5281 τόν
1846 5227 1903 5292 της
1926 5217 2077 5300 εὐσεβείας
2095 5215 2177 5304 ἀπέρ-

1360 5423 1474 5492 literas
1506 5419 1614 5508 capit,
1646 5419 1741 5490 litera
1771 5437 1850 5492 reru
1882 5437 1985 5508 super
2006 5443 2028 5485 τ
2051 5419 2175 5508 posita,

1363 5557 1386 5599 α
1406 5534 1459 5603 rel
1483 5555 1507 5598 ω
1530 5551 1606 5603 essu
1628 5539 1749 5619 potest.
1891 5617 1894 5624 ¹

1408 5647 1423 5692 ¹
1447 5647 1561 5716 Codex
1582 5645 1675 5734 μίσος.

1409 5759 1423 5806 ³
1445 5759 1575 5850 ἡσυχίας
1598 5763 1650 5828 est
1672 5757 1707 5826 iu
1729 5759 1879 5844 marga
1906 5757 2046 5826 fortusse
2069 5773 2173 5826 mauu.

1408 5873 1423 5918 ἰ
1445 5881 1549 5964 χηναι,
1571 5869 1619 5942 siu
1641 5887 1718 5941 cum
1740 5873 1813 5940 ἰοειι
1837 5867 2025 5956 subscripto
2049 5869 2159 5940 codex.
