4688 6420
797 225 804 242 '
931 253 1143 332 -rau-

161 421 305 490 mum,
334 411 370 480 et
396 421 479 480 ecce
504 401 569 478 init
593 403 632 476 in
657 401 814 496 periculo
841 411 985 496 propter

162 533 406 628 perversiones
431 531 664 606 habitatorum
682 529 771 622 ejus.
799 521 881 606 ”Et
898 533 984 618 vidi,

162 667 199 736 ct
214 659 356 754 peperci
371 660 500 752 urique
518 658 672 742 medon:
697 665 734 732 et
749 659 878 733 salvavi
895 659 985 734 mini

163 805 339 862 racemum
366 787 412 862 de
435 787 558 870 botro,
587 793 624 862 et
648 787 799 880 plantam
813 785 872 862 de
897 789 986 864 sitve

130 997 135 1006 ,
164 915 283 990 muita.
803 923 805 932 '

172 1117 176 1126 ,
216 1033 248 1080 ”
261 1041 384 1116 Pereat
400 1057 484 1132 erpo
503 1039 698 1124 maiduno,
719 1040 801 1132 quia
823 1039 914 1120 noo
931 1043 987 1114 est

165 1171 204 1244 in
228 1171 425 1252 vanitatem,
447 1174 482 1242 et
508 1175 667 1242 servetur
685 1185 844 1258 racemus
869 1183 986 1256 mens,

166 1297 334 1388 sapienta
361 1311 450 1378 mea,
471 1311 562 1386 quae
578 1293 616 1366 in
634 1293 743 1366 mutto
760 1292 880 1370 tabere
898 1293 988 1368 tecm

168 1429 262 1518 sunt.

219 1543 250 1588 ¹³
269 1551 322 1626 'iu
339 1555 455 1624 autern
473 1549 505 1624 si
523 1549 739 1640 separaveris
757 1555 892 1640 septam
911 1548 987 1622 dies

168 1679 280 1762 aiios,
308 1677 374 1752 sed
399 1695 472 1750 non
497 1677 624 1750 iterum
648 1674 822 1766 jejunabis
849 1676 887 1748 in
914 1676 987 1750 cisa

14 1891 19 1900 ,
167 1796 198 1848 ²⁸
217 1812 252 1880 et
277 1807 326 1878 ite
353 1806 391 1878 in
419 1821 581 1896 campum
607 1803 744 1886 dorum,
774 1802 835 1876 ubi
862 1801 988 1876 domus

167 1949 241 2006 non
258 1938 314 2004 est
330 1929 529 2007 aeditcata:
546 1937 594 2004 -et
611 1929 783 2006 manduca
802 1931 991 2004 soinmnre·

168 2059 217 2133 do
233 2057 280 2132 de
296 2057 443 2132 duribus
461 2059 584 2150 campi,
606 2061 641 2130 et
667 2075 807 2130 carnem
826 2075 899 2132 nen
924 2075 988 2150 gu·

122 2231 131 2240 -
168 2185 290 2269 stabis,
317 2191 354 2260 et
379 2185 497 2258 vinum
525 2201 598 2258 non
623 2181 737 2266 bibes,
766 2183 831 2256 sed
857 2185 990 2258 scium·

168 2311 275 2386 rnodu
302 2313 428 2386 tiores:
456 2301 487 2348 ¹⁸
507 2317 542 2384 et
567 2309 756 2402 deprecare
773 2309 991 2394 ditissimum

169 2439 343 2522 ardenter,
359 2443 394 2512 et
407 2437 545 2512 veniam
559 2437 605 2512 ad
617 2442 662 2520 tc,
678 2443 714 2512 et
725 2437 850 2528 loquar
862 2441 990 2510 tecum.

223 2557 254 2602 ²⁸
280 2567 323 2640 iit
352 2565 528 2657 proiectus
560 2583 665 2650 snm,
698 2565 790 2638 sicut
815 2565 993 2656 praecepit

165 2693 278 2790 mibi,
306 2693 343 2768 in
371 2711 543 2784 campum,
564 2693 626 2783 qui
644 2699 786 2768 vocatur
810 2689 989 2782 drpbad'.

170 2828 206 2896 ct
231 2819 309 2894 sedi
335 2819 386 2894 ini
412 2835 520 2910 super
545 2815 692 2892 duribus
724 2825 849 2894 torrae.
877 2819 920 2890 Et
945 2817 991 2892 de

170 2945 292 3022 herbis
316 2947 390 3036 apri
417 2943 634 3027 manducavi,
651 2951 690 3020 et
715 2944 804 3020 tacta
830 2951 884 3020 est
910 2961 991 3020 esca

171 3081 291 3152 etrum
309 3071 451 3146 mitri-iu
468 3047 695 3146 saturitatem.

173 3347 238 3422 epo
257 3327 522 3404 dmumbebam
548 3345 655 3420 supra
675 3325 831 3410 teanum,
851 3334 887 3400 et
910 3341 992 3400 coe·

171 3464 270 3550 perat
287 3473 349 3532 cor
366 3475 485 3532 meum
503 3455 629 3530 iterum
651 3451 783 3530 turbari
810 3469 918 3544 super
935 3467 993 3526 mc

9 3589 13 3596 “
172 3585 265 3662 sicut
281 3589 372 3658 anto
396 3573 427 3620 ¹⁸
441 3583 483 3656 iit
500 3554 659 3674 apertum
677 3586 938 3691 estosmeurn,
959 3583 994 3654 ct

171 3709 332 3786 incbcavi
359 3709 455 3801 ioqui
482 3725 601 3784 curam
626 3709 816 3791 ditissimo,
845 3713 881 3781 et
906 3707 991 3792 dixi,

171 3825 258 3911 ¹⁹0
294 3837 493 3910 dominator
524 3837 694 3920 bomine,
730 3843 766 3910 te
802 3835 992 3910 ostendens

172 3971 337 4040 ostensus
368 3983 407 4040 cs
433 3961 592 4055 patribus
622 3963 753 4038 nusuis
787 3961 826 4036 in
853 3961 992 4036 msto

172 4093 293 4176 sinai,
322 4090 465 4184 qnando
491 4091 649 4198 exierant
674 4089 719 4164 de
744 4089 930 4182 Aegypto,
958 4091 994 4163 ot

173 4217 315 4310 quando
332 4217 589 4310 pertransibant
610 4218 648 4290 in
666 4217 819 4302 desumo,
838 4218 875 4290 in
901 4223 994 4290 terra

172 4347 211 4420 in
238 4363 406 4437 quanm
433 4349 531 4420 erant
556 4345 700 4428 bnctm,
720 4349 756 4420 ot
780 4344 992 4420 curnnon'

172 4474 402 4564 pertransiret
426 4473 464 4548 in
491 4490 533 4546 ea
557 4471 684 4546 bomo:
710 4479 746 4546 et
771 4471 890 4545 dixisti
917 4471 992 4554 cis,

173 4589 207 4638 '⁰
223 4602 275 4676 Tu
301 4603 407 4676 israei
424 4599 506 4676 audi
523 4617 593 4682 me,
612 4605 649 4674 et
673 4617 795 4674 sernen
813 4597 919 4672 Jacob
933 4599 992 4672 tn·
1039 4615 1043 4622 ·

172 4727 280 4804 teudo
297 4727 521 4804 sermonibus
540 4727 643 4802 meis.
661 4716 690 4762 ⁸¹
705 4727 794 4800 iioce
813 4725 907 4800 enirn
927 4740 1012 4820 epo,

173 4854 309 4930 semino
336 4855 372 4928 in
400 4853 499 4928 vobis
525 4853 642 4945 legem
667 4869 804 4937 meam.
833 4858 867 4928 et
892 4851 994 4926 faciet

173 4981 210 5062 in
224 4980 325 5056 vebis
338 4979 470 5063 tructus
484 4977 650 5069 justitiae,
668 4987 703 5054 et
716 4979 994 5074 gioridcabimini

172 5107 210 5180 in
229 5123 271 5180 ea
288 5107 325 5178 in
343 5107 535 5180 soeculum.
562 5096 593 5142 ³²
613 5107 731 5182 Patres
749 5109 861 5184 nostri
878 5113 993 5183 autem

173 5234 650 5326 occeperunticpem,etnon
664 5243 993 5319 servaverunteam

173 5366 209 5434 et
221 5367 417 5452 praecepto.
433 5366 469 5436 et
481 5377 553 5434 nun
567 5360 790 5452 perimerunt
799 5379 852 5444 ea,
869 5363 996 5439 attacti

172 5493 261 5562 sunt
275 5487 409 5562 tructus
422 5487 511 5580 lepis
528 5493 609 5561 inae
626 5505 697 5562 non
710 5493 909 5580 pereuntes:
928 5505 996 5565 nec

173 5615 269 5690 enirn
295 5621 456 5706 poterant
481 5615 610 5706 perire.
630 5613 796 5706 quoniam
823 5620 883 5688 tna
908 5619 994 5690 erat

173 5734 203 5780 ³³
218 5745 270 5820 itii
287 5762 373 5822 varo
389 5744 452 5838 qni
467 5749 679 5842 acceperunt
693 5759 782 5832 cnr,
798 5742 993 5839 Q

1079 407 1251 500 quianon
1269 407 1510 484 custudierunt
1536 407 1634 500 quud
1658 407 1696 482 in
1715 407 1766 483 eis
1793 409 1899 486 semi·

1078 539 1199 608 namra
1215 534 1339 608 iuerat.
1367 524 1397 570 ³⁸
1414 531 1562 610 Et'baec
1588 537 1646 610 ier
1664 542 1728 620 ost,
1750 543 1798 620 nt,
1819 553 1900 610 cnm

1080 661 1254 752 receperit
1270 666 1363 736 terra
1374 679 1508 746 samen,
1518 662 1576 736 vet
1589 663 1684 741 maro
1698 659 1901 746 navemv'et

1080 805 1141 860 vas
1168 787 1263 860 aliud
1288 805 1378 880 qnae
1405 791 1587 881 reponitur
1613 791 1650 863 in
1677 807 1733 872 en,
1761 807 1901 864 escam:

1080 903 1275 1004 “volquud
1288 914 1480 1004 repositum
1493 919 1560 1018 est,
1571 916 1627 988 vei
1637 915 1736 1008 quod
1752 915 1903 990 custodi·

1077 1046 1154 1114 tunr
1172 1047 1236 1124 cst,
1251 1041 1323 1113 ista.
1334 1047 1613 1132 corrumpantur:
1632 1043 1692 1116 iiia
1709 1055 1794 1116 vcro
1813 1061 1903 1134 qnae
1966 1055 1972 1062 ·

1079 1158 1312 1257 insceperuut
1328 1185 1380 1252 aa,
1402 1173 1574 1242 maneant·
1587 1169 1681 1259 apud
1705 1187 1772 1244 nes
1786 1177 1901 1245 ontsm

1080 1275 1301 1385 nequaquam
1310 1294 1499 1368 deiectum
1509 1299 1576 1368 est
1589 1284 1769 1369 ³⁶Sednos
1786 1296 1904 1386 quite·

1080 1423 1372 1530 pemaocepimus
1387 1429 1423 1498 ct
1438 1441 1638 1515 peccamus,
1652 1423 1807 1514 perimus
1822 1441 1903 1498 curn

1081 1549 1189 1626 corde
1214 1557 1336 1624 nostru
1363 1551 1461 1641 quod
1485 1551 1642 1641 suscepit
1668 1569 1767 1624 cam:
1793 1541 1823 1586 ³⁷
1846 1552 1904 1626 ter

1080 1683 1141 1752 tua
1153 1683 1268 1752 autem
1281 1695 1354 1752 non
1372 1677 1486 1768 periit,
1501 1677 1566 1752 sed
1580 1683 1763 1768 permanet
1779 1677 1816 1752 in
1830 1679 1903 1772 pio·

1082 1823 1133 1878 rra
1151 1823 1227 1877 sua.

1136 1920 1167 1968 ³⁸
1184 1931 1227 2006 iit
1243 1949 1324 2004 cunr
1341 1929 1507 2022 loquerer
1523 1930 1612 2006 baec
1629 1931 1667 2004 in
1686 1931 1792 2006 corde
1811 1949 1903 2014 meo.
2039 2030 2042 2041 1
2179 1903 2182 1910 ’

1084 2057 1222 2148 respexi
1242 2058 1362 2132 ocutis·
1380 2057 1487 2140 meis,
1514 2064 1550 2132 et
1574 2057 1648 2130 vidi
1675 2057 1857 2130 mdiorum
1885 2073 1905 2130 a

1084 2183 1226 2259 dextera
1244 2181 1354 2276 parte,'
1368 2184 1545 2274 iuuentem
1563 2189 1598 2258 et
1615 2184 1812 2274 ptorantem
1824 2199 1904 2258 curn

1051 2367 1055 2374 .
1084 2327 1171 2384 voce
1190 2327 1325 2402 magna,
1341 2316 1376 2384 et
1393 2310 1430 2384 in
1447 2310 1562 2383 anima
1575 2327 1641 2384 sua
1655 2309 1906 2400 ingemiscebat

1084 2444 1121 2514 et
1138 2438 1398 2530 angustiabatur
1415 2435 1527 2522 valde,
1548 2443 1583 2510 et
1605 2437 1814 2510 vestimenta
1829 2438 1905 2528 ejus

1085 2563 1233 2638 discissa
1252 2571 1362 2648 eram,
1382 2571 1418 2638 et
1430 2565 1543 2654 pnivis
1560 2555 1740 2656 projectus
1758 2570 1833 2638 erat
1849 2583 1908 2638 sn·

1084 2707 1149 2782 per
1167 2698 1271 2784 caput
1287 2691 1377 2784 ejus.
1395 2681 1425 2726 ⁸⁹
1442 2692 1486 2766 Et
1499 2709 1566 2783 ogo
1584 2691 1703 2766 dimisi
1722 2692 1905 2784 copiosus,

1085 2835 1173 2912 quos
1192 2837 1287 2894 oram
1307 2818 1474 2910 copinas,
1495 2823 1532 2892 et
1548 2833 1741 2892 conversus
1759 2837 1840 2892 snm
1863 2815 1908 2893 ad
1962 2803 1967 2809 ’

1085 2963 1174 3029 eam,
1194 2952 1228 3020 et
1246 2945 1320 3020 dixi
1337 2946 1382 3028 ei,
1410 2934 1441 2980 ‘⁰
1460 2946 1503 3024 Ut
1528 2944 1617 3037 quid
1633 2947 1720 3029 ties,
1741 2951 1779 3020 ct
1802 2961 1908 3036 anpu-

992 3111 994 3122 ·
1085 3072 1200 3146 otiaris
1214 3072 1252 3144 in
1265 3072 1381 3146 anima
1399 3075 1481 3146 turi
1498 3071 1542 3144 iit
1554 3072 1749 3164 respondit,
1768 3077 1807 3146 et
1821 3071 1909 3146 dxii

223 3191 254 3238 ²⁷
272 3201 315 3274 iit
340 3200 466 3274 betuna
490 3205 545 3273 eet
570 3205 652 3290 post
677 3199 755 3274 dies
781 3205 929 3290 septem,
957 3203 1002 3274 et

1085 3197 1131 3272 ad
1156 3217 1226 3283 rno,
1253 3188 1442 3274 “Dimitte
1468 3200 1697 3274 meibomius
1723 3217 1842 3284 meus,
1870 3207 1909 3274 nt

1084 3325 1233 3400 defleam
1248 3345 1359 3418 super
1376 3329 1529 3402 animam
1546 3345 1673 3413 meam,
1691 3335 1726 3404 ct
1747 3319 1907 3421 adjiciam

1084 3455 1209 3531 iterum
1224 3455 1478 3546 ingemiscere:
1497 3455 1665 3547 quonian
1677 3455 1778 3530 vaide
1790 3475 1907 3530 amaru
1961 3541 1963 3548 ,

1085 3599 1165 3656 snm
1182 3583 1310 3666 animo,
1327 3588 1363 3658 et
1375 3582 1602 3658 vehomenter
1616 3582 1796 3658 bnmdiata
1814 3601 1905 3656 snm.

1085 3697 1115 3746 ⁸²
1124 3709 1168 3782 iit
1184 3725 1251 3800 epu
1269 3707 1342 3782 dixi
1361 3709 1405 3792 ei,
1419 3709 1528 3784 iterra
1545 3709 1643 3794 mibi,
1658 3709 1747 3803 quid
1764 3712 1909 3804 oondqit

1083 3837 1176 3910 tibii
1200 3837 1244 3910 iit
1261 3836 1454 3928 respondit
1475 3842 1511 3910 et
1527 3836 1616 3912 dixit
1633 3837 1680 3912 ad
1704 3857 1773 3923 me,
1793 3830 1909 3914 “Sic

1085 3964 1160 4038 ritis
1187 3964 1238 4038 iui
1256 3981 1322 4056 epo
1341 3963 1468 4038 unda
1494 3969 1580 4046 tna,
1607 3970 1643 4038 et
1659 3983 1732 4039 nen
1758 3968 1906 4058 peperi,

1085 4109 1166 4166 cunr
1192 4091 1338 4166 inissem
1366 4107 1448 4166 cum
1465 4093 1590 4166 marito
1609 4110 1688 4168 rneo
1716 4093 1820 4166 annis
1847 4095 1908 4168 tri·
1937 4071 1943 4086 ’

1085 4218 1192 4310 pinta
1218 4209 1248 4284 ‘t
1262 4220 1335 4310 ligo
1362 4225 1480 4293 auteur
1507 4219 1664 4312 quaudiu
1696 4226 1731 4294 et
1756 4221 1908 4312 singuiis

1084 4341 1182 4418 buris
1199 4343 1255 4418 bis
1272 4346 1414 4436 triginta
1430 4343 1532 4420 annis
1551 4321 1769 4439 machomet
1787 4347 1910 4440 depre-

1084 4471 1188 4548 cabar
1205 4472 1421 4549 ditissimum
1439 4475 1496 4550 die
1515 4493 1556 4549 ac
1582 4457 1696 4550 neom.
1725 4465 1755 4510 ‘⁵
1773 4475 1817 4549 iit
1841 4476 1910 4550 iao·

1084 4603 1159 4674 tum
1178 4607 1243 4684 est,
1263 4607 1346 4692 post
1362 4601 1429 4676 bus
1455 4603 1734 4696 trigintaannos
1763 4602 1907 4678 eraudi·

1083 4727 1134 4800 vit
1150 4727 1244 4802 Deus
1262 4745 1385 4804 vocem
1403 4729 1548 4803 ancittae
1574 4736 1666 4814 tuae,
1686 4735 1721 4802 et
1739 4729 1826 4802 vidit
1842 4729 1908 4804 bu·
1958 4719 1964 4732 ⁴

1030 4929 1052 4954 ‚
1085 4853 1263 4930 militatem
1283 4855 1370 4945 ejus.
1391 4861 1427 4929 et
1451 4855 1598 4930 attendit
1622 4855 1908 4930 tribulationibus

1086 4981 1187 5064 meis,
1206 4988 1242 5056 et
1259 4981 1356 5058 dedit
1373 4981 1459 5058 mibi
1475 4983 1599 5058 fitium:
1619 4989 1655 5058 ot
1671 4981 1789 5074 gavisa
1807 4989 1842 5056 et
1855 4982 1910 5072 ju·

1086 5109 1236 5183 caudata
1254 5129 1335 5184 snm
1351 5111 1391 5184 in
1407 5127 1451 5184 eo
1463 5109 1565 5202 vaide
1576 5125 1655 5201 apo,
1671 5113 1706 5182 ct
1723 5108 1777 5180 vir
1794 5125 1907 5194 mens,

1087 5242 1125 5309 ot
1145 5253 1270 5310 omncs
1297 5237 1392 5312 cirea
1417 5237 1512 5320 mci..
1540 5242 1576 5310 et
1600 5235 1909 5310 honorificavimus

1086 5363 1238 5442 Fortem.
1257 5354 1287 5400 ‘⁶
1299 5343 1344 5438 bt
1360 5366 1489 5440 nutrivi
1504 5383 1585 5440 enm
1599 5367 1638 5439 iu
1653 5364 1772 5440 tabere
1786 5365 1909 5440 nnirn
2027 5367 2032 5380 '

1072 5479 1117 5576 ,⁸²
1136 5491 1180 5565 iit
1200 5509 1281 5566 cunr
1299 5493 1478 5578 crevisset,
1496 5496 1579 5570 veni
1597 5495 1755 5588 accipere
1773 5495 1807 5570 ei
1824 5513 1910 5570 uro

1086 5636 1176 5704 rem,
1194 5625 1230 5695 et
1246 5620 1313 5698 teci
1330 5621 1426 5697 dem
1443 5621 1572 5716 epuii',
1598 5628 1634 5698 at
1655 5619 1909 5714 jucunditatem

1085 5763 1261 5842 mamam.
