4690 6406
482 409 534 474 ut.
559 426 589 474 3.
616 420 736 493 quanta
760 409 856 478 nobis
881 427 961 478 eon-

617 527 769 606 tegerunt

595 636 688 716 Nune
711 651 790 720 ergo
814 634 871 702 filii
895 635 1006 704 audite

618 764 671 814 me
693 746 805 816 uidete
829 749 918 816 enim
942 757 975 818 et

621 860 702 928 scite
727 861 801 948 quia
826 881 1006 948 numquam

527 955 530 962 ’
617 981 781 1060 temptans
805 976 904 1044 deum
929 993 990 1044 nee
1014 995 1072 1062 pa·

615 1093 727 1156 rentes
752 1105 812 1156 neo
837 1089 953 1174 proaui
1104 1081 1109 1098 '

615 1217 731 1267 eorum
755 1208 792 1268 ut
816 1209 984 1286 praetere-

615 1319 670 1378 ant
694 1313 846 1380 mandata
870 1313 957 1382 iltius

573 1443 579 1458 ·
617 1421 708 1490 soitis
732 1425 821 1492 enim
845 1425 920 1510 quia
944 1426 1024 1496 haec

617 1541 694 1602 sunt
711 1537 800 1604 uires
825 1537 921 1605 nobis

618 1655 651 1714 et
675 1649 738 1716 1333
762 1651 919 1720 taoiemus
943 1652 1024 1722 ieiu-

615 1779 732 1830 nemus
756 1764 876 1832 triduo·
901 1774 935 1834 et

616 1881 733 1959 quarto
758 1876 810 1944 die
834 1877 996 1946 intremus

616 1986 649 2052 in
674 1989 831 2073 spelunca
857 1993 996 2076 quaein

619 2117 697 2184 agro
722 2109 778 2174 est
797 2111 830 2172 et
855 2106 977 2174 moria-

615 2231 690 2282 mur
714 2217 824 2301 potius
850 2237 948 2303 quam

617 2335 864 2413 praetereamus
888 2352 979 2400 man-

546 2485 555 2504 .
615 2441 689 2509 data
714 2445 839 2513 domini
863 2448 1074 2518 dominorum
1099 2452 1149 2520 dei

616 2563 789 2638 parentum
814 2567 947 2628 nostro·

617 2688 701 2737 rum·
726 2672 789 2740 hoo
813 2676 902 2742 enim
926 2677 953 2743 si
970 2677 1018 2744 13-

621 2783 745 2852 ciemus
769 2787 802 2852 et
826 2789 949 2858 morie-

618 2907 694 2958 mur
717 2896 849 2980 sanguis
874 2915 953 2966 nos-

574 3012 666 3082 ‘ter
689 3010 910 3080 uindicauitur
1019 3041 1024 3062 ι

528 3125 554 3190 t.
620 3141 731 3191 eoram
755 3123 890 3190 domino

591 3239 632 3304 Et
655 3245 734 3306 tuno
758 3237 886 3322 parebit
910 3255 982 3323 reg-

615 3345 806 3416 numidius
830 3346 863 3414 in
888 3347 977 3412 omui

614 3465 764 3526 ereatura
788 3457 876 3526 iltius

593 3573 634 3638 Et
659 3578 738 3638 tune
762 3571 898 3640 zabulus
922 3571 1022 3640 srnem

616 3683 749 3752 habebit
772 3691 805 3754 et
829 3685 995 3753 tristitiam

615 3815 690 3864 eum
714 3816 755 3865 eo
778 3798 962 3866 adducetur

594 3911 683 3978 Tune
707 3911 934 3995 implebuntur

615 4043 732 4092 manus
757 4025 864 4093 nuntii
888 4025 943 4111 oui

616 4145 668 4206 ost
690 4139 723 4206 in
746 4156 877 4207 summo
901 4155 997 4206 oons-

620 4252 749 4320 titutus·
775 4253 831 4338 qui
854 4254 957 4338 proti-

618 4384 680 4435 nus
704 4365 885 4434 uindicauit
907 4365 983 4433 illos

618 4479 658 4546 ab
682 4478 822 4546 inimicis
846 4495 963 4546 eorum

620 4644 671 4658 .....
675 4597 729 4676 get
752 4591 840 4656 enim
863 4589 985 4658 333133-

526 4749 530 4762 .
617 4705 658 4774 113
682 4723 700 4772 3
724 4703 803 4772 33313
827 4703 920 4790 regni
942 4703 994 4771 sui

617 4816 976 4886 mmmmm

621 4931 710 5000 tione
734 4939 846 4999 saneta
870 4947 929 4998 sua
955 4947 1029 4998 eum

618 5045 877 5130 indignationem
900 5051 934 5111 et

614 5161 696 5228 iram
720 5167 858 5245 propter
881 5159 968 5226 titios

615 5293 695 5347 suos
719 5282 752 5343 ot
775 5274 929 5346 tremebit

613 5397 698 5459 terra
725 5407 829 5476 usque
852 5390 894 5459 ad
916 5389 954 5458 u-

614 5523 673 5573 nes
697 5523 775 5572 suas
800 5503 970 5572 oonoutia-
1063 5547 1067 5562 ·

616 5625 680 5686 tur·
704 5625 738 5686 et
761 5617 818 5684 alti
841 5624 973 5686 montes

617 5729 877 5800 humiliahuntur

1223 261 1262 272 -
1291 231 1402 290 3111-

1363 411 1416 474 92.
1441 429 1470 476 33.
1497 417 1529 477 31
1554 423 1785 480 ooneutrentur

1498 530 1531 590 ot
1555 525 1723 593 conualles
1747 527 1865 594 cadent

1497 637 1888 707 mmmmm

1497 748 1585 815 3113
1613 751 1758 818 tenebris
1783 770 1860 818 oon-

1498 867 1629 928 uerteut
1652 879 1689 929 se
1713 879 1836 928 cornua

1498 973 1595 1042 tunae
1619 982 1652 1041 et
1676 975 1882 1058 confringen-

1501 1091 1554 1152 tur
1578 1095 1611 1154 et
1635 1095 1702 1154 tota
1728 1105 1869 1156 conuer-
1913 1097 1916 1102 “

1500 1199 1653 1266 1113313
1680 1200 1839 1283 sanguine
1865 1207 1898 1267 et

1499 1311 1588 1378 orbis
1613 1313 1783 1379 3131133333
1808 1329 1885 1378 333-

1499 1425 1696 1492 1333331133·
1722 1433 1755 1492 31
1780 1443 1848 1492 ma-

1499 1555 1534 1603 re
1560 1557 1663 1623 usque
1688 1539 1728 1605 ad
1753 1541 1908 1623 abyssum

1501 1651 1629 1718 decedit
1654 1652 1694 1717 ad
1718 1652 1826 1718 tontes

1497 1781 1655 1848 aquarum
1681 1763 1836 1831 deficiunt

1499 1883 1531 1942 et
1555 1875 1688 1944 flumina
1712 1893 1874 1960 expaues-

1482 1995 1581 2055 .oent·
1608 1988 1682 2072 quia
1707 1989 1837 2072 exurgit

1498 2119 1648 2170 summus
1672 2103 1754 2170 deus
1779 2109 1939 2196 aeternus·

1499 2215 1590 2283 solus
1615 2221 1647 2282 31
1672 2217 1863 2300 [33133333-

1498 2329 1626 2396 313131
1650 2331 1796 2398 uindicet
1821 2349 1903 2416 gen-

1496 2449 1544 2509 133
1569 2450 1601 2510 31
1626 2443 1743 2528 perdet
1768 2461 1838 2510 om-

1498 2555 1661 2624 31313313
1688 2573 1804 2624 eorum
1845 2541 1849 2564 '

1476 2668 1665 2734 1333131133
1690 2669 1755 2735 3313
1781 2675 1816 2735 13
1840 2669 1884 2736 is-

1400 2777 1402 2784 “
1501 2781 1606 2848 1331331
1630 2788 1663 2848 31
1687 2781 1847 2850 ascendes

1499 2911 1597 2978 supra
1623 2894 1769 2960 ceruices
1794 2899 1828 2960 et

1500 3009 1567 3075 alas
1592 3009 1719 3093 aquitae
1744 3015 1777 3075 et
1801 3009 1853 3074 in-

1429 3175 1434 3188 .
1499 3122 1679 3206 ptebuntur
1702 3129 1735 3189 et
1759 3123 1842 3188 3113-

1503 3234 1551 3301 uit
1575 3241 1607 3302 13
1631 3235 1714 3302 deus
1738 3242 1771 3302 et
1794 3234 1890 3301 faciet
1915 3243 1947 3301 te

1497 3351 1614 3418 herere
1639 3351 1730 3417 eaelo
1755 3349 1867 3416 steila-

1486 3449 1575 3526 ¹rum
1599 3460 1673 3527 1333
1698 3462 1873 3530 habitatio-

1502 3574 1553 3642 nis
1577 3591 1703 3640 eorum·
1729 3579 1762 3640 et
1786 3591 1884 3640 eons-

1505 3686 1596 3772 331333
1620 3704 1637 3752 3
1662 3703 1792 3753 summo
1816 3695 1849 3754 et
1873 3689 1924 3754 31-

1507 3801 1566 3868 3133
1590 3799 1741 3866 immicos
1766 3807 1842 3868 tuos

1507 3911 1540 3978 in
1565 3919 1686 3978 terram
1710 3920 1743 3979 et
1766 3928 1909 3995 eognos-

1508 4041 1562 4092 333
1588 4024 1662 4091 11133
1686 4031 1718 4092 31
1742 4024 1899 4108 gaudebis

1509 4145 1541 4204 et
1564 4137 1633 4222 agis
1657 4138 1777 4223 gratias
1801 4145 1835 4204 et
1859 4154 1937 4204 con-

1504 4251 1651 4319 fiteberis
1675 4251 1815 4319 oreatori

1507 4372 1565 4432 tuo
1612 4383 1687 4432 nam
1711 4369 1748 4430 tu
1772 4365 1843 4432 iesu
1867 4384 1923 4432 na·

1504 4496 1546 4546 33
1570 4479 1700 4546 33313311
1724 4479 1828 4546 333133
1884 4531 1886 4536 ,

1507 4591 1588 4660 13333
1611 4599 1644 4659 31
1668 4592 1755 4659 huno
1779 4591 1899 4658 tibrum

1461 4709 1464 4718 “
1507 4711 1605 4772 33331
1629 4705 1716 4801 enim
1740 4723 1757 4771 a
1781 4699 1890 4770 morte

1508 4815 1732 4902 receptionem
1753 4831 1861 4901 usque

1505 4933 1547 5000 ad
1571 4931 1751 4999 aduentum
1776 4929 1868 4998 111133

1506 5054 1656 5130 tempora
1679 5043 1748 5112 331·
1774 5057 1858 5127 quae

1505 5161 1588 5228 fiunt
1612 5159 1651 5226 Et
1673 5156 1722 5224 113
1745 5171 1864 5224 oursus

1506 5329 1512 5343 .
1540 5327 1546 5342 .
1573 5327 1580 5342 .
1606 5273 1725 5340 horum
1749 5285 1848 5356 quem

1503 5387 1705 5456 conueniunt
1728 5384 1834 5452 donee

1503 5505 1779 5569 consummentur

1477 5615 1547 5700 Ego
1571 5620 1681 5680 autem
1705 5606 1892 5678 3313133331-

1510 5725 1635 5794 tionem
1658 5731 1789 5810 patrum
1812 5735 1883 5789 me-
