4706 6420
950 275 1104 324 -γ-

161 410 354 502 petendum,
377 407 429 478 vel
452 405 564 495 potius
588 423 630 476 er
652 405 770 478 butino
793 405 940 478 ciuiliter
953 419 984 478 ot

161 523 373 596 amanuensis
386 522 473 592 male
489 520 623 609 scripsit
634 521 746 586 ιοσιο
762 538 825 610 pro
837 519 982 586 Δωσιο

161 650 190 710 et
209 637 365 706 similitor.
817 621 821 630 '

206 753 265 822 68.
278 751 332 818 scd
347 767 422 832 cccc,
440 748 510 834 Syr.
527 731 605 825 αἰτῶ
620 729 659 825 ili
671 749 725 816 sed
739 749 832 831 istud,
844 751 914 819 Lat.
931 747 984 816 sed

97 881 101 888 ’
160 874 206 932 ut.-
228 870 309 951 puto
332 878 395 948 pro
420 844 485 938 {20¹
509 861 687 946 legendum
710 844 772 943 iot,
792 867 834 930 ut
857 861 943 932 dedi.

205 977 261 1047 39.
280 985 411 1064 propter
428 985 567 1062 uocatu,
585 973 619 1042 in
639 977 722 1060 Syro
739 974 834 1044 deest
853 985 983 1064 propter

154 1072 282 1172 9-6»,
299 1089 389 1175 quod
408 1093 442 1159 et
463 1087 599 1158 Latinus
615 1087 724 1174 babet,
749 1094 782 1158 et
806 1095 982 1158 contextus

158 1203 318 1290 postulat.

204 1319 241 1393 V,
266 1317 319 1383 ro.
466 1315 552 1402 opud
576 1314 711 1398 mutos,
736 1313 848 1382 omisit
875 1313 980 1382 codex
1018 1345 1023 1353 ·

157 1427 249 1516 quod
271 1427 373 1496 refert
402 1427 539 1496 Latinus
569 1437 598 1494 et
620 1437 807 1514 quaeretur,
831 1425 980 1494 scribens

157 1539 230 1608 siue
254 1538 523 1638 interpetatione
545 1557 605 1606 uto
627 1537 713 1624 uptrd
735 1537 857 1606 mutter.

205 1653 258 1721 ib.
282 1651 477 1740 appropries,
503 1650 633 1738 corrige
655 1651 832 1738 appropies.

203 1767 258 1834 tc.
270 1781 330 1853 per
344 1774 464 1851 tempus
478 1781 552 1844 ooo,
571 1764 675 1848 Syrus
692 1763 725 1831 in
742 1781 857 1834 rasura
871 1771 978 1854 <³ss

156 1860 181 1953 iJ
206 1887 288 1970 ρι.

202 1993 259 2060 tto.
283 2007 370 2073 uum,
387 1989 421 2057 in
446 1989 529 2074 Syro
544 1972 602 2078 <ai
626 1987 682 2070 itu,
706 1988 752 2057 sic
774 1999 827 2070 ert,
844 2006 873 2072 o,
893 1989 977 2071 beru,

153 2123 224 2192 ope,
240 2104 328 2190 apud
351 2102 536 2184 Michaelis3
560 2119 702 2188 quorum
727 2119 885 2172 sensuum
901 2100 978 2169 nul·

152 2217 209 2286 ius
233 2216 364 2285 ridetur
388 2215 462 2284 loco
486 2222 604 2284 nostro
629 2215 816 2284 convenire.
840 2213 977 2283 Latinus

152 2347 246 2413 uum,
270 2329 361 2415 quod
383 2327 478 2397 tacite
501 2327 612 2418 potuit
635 2343 677 2396 ex
699 2347 776 2394 mm
799 2327 977 2413 corrumpi.

198 2445 255 2511 bt.
279 2441 436 2518 minuo,
460 2441 565 2510 codex
589 2449 681 2542 ἦς’-9
704 2439 829 2522 minor,
852 2439 977 2520 miuus,-

152 2573 194 2626 ex
220 2553 303 2624 locis
326 2552 602 2640 praecedentibus
630 2551 863 2638 corrigendum
895 2559 977 2637 puto

151 2675 302 2769 (0332,
327 2645 541 2752 quodetiam
564 2663 651 2734 dedi.

194 2783 262 2863 vt,
289 2781 320 2847 i.
342 2778 494 2862 Initium,
520 2781 623 2863 Syrus
647 2787 797 2873 υὲορ,
824 2783 858 2846 ot
889 2795 918 2846 v.
943 2778 975 2845 9.

149 2891 350 2979 Principium
375 2890 460 2958 euim
489 2889 624 2958 toruus
655 2890 689 2958 in
722 2892 805 2975 Syro
830 2889 976 2985 cumpo

151 2989 277 3080 tut-'³2
305 3015 439 3113 ’μω-ψ
460 3001 637 3088 utrobique
661 3009 776 3070 o‘utem·
797 3001 979 3090 opponitur

149 3116 225 3186 roci
248 3101 475 3199 hrt-3023
496 3113 733 3195 Latinusjero
758 3113 836 3183 licet
858 3114 892 3183 in
917 3115 980 3184 alia

149 3228 248 3298 abent
271 3229 422 3298 drmnret
444 3202 633 3296 versioueui
657 3227 729 3312 Syri
755 3243 854 3314 quum
878 3227 979 3335 dedi,

149 3347 186 3411 ut
225 3341 269 3410 sit
304 3340 502 3428 adjectivum
533 3357 595 3426 pro
628 3339 763 3426 nomine
794 3347 977 3426 sumptum.

145 3453 213 3525 Sed
240 3471 344 3542 aeque
378 3453 553 3523 commodo
577 3459 611 3522 et
640 3453 761 3522 meiius
791 3459 978 3524 verteretur

148 3567 257 3634 Piimo
282 3567 348 3653 (ci.
374 3575 470 3636 notas
495 3566 536 3635 ad
567 3566 696 3634 buruch
720 3567 823 3652 Apoc.
848 3585 879 3636 n.
905 3567 975 3653 ct)

147 3699 178 3750 r.
198 3683 228 3764 i,
246 3687 281 3750 et
300 3681 443 3768 pureum
470 3697 500 3748 ι.
519 3681 552 3763 9,
569 3684 603 3749 et
624 3696 653 3747 r.
673 3681 689 3748 i
708 3697 770 3766 pro
792 3679 865 3767 finis
880 3671 975 3750 reddi

150 3799 266 3880 posset
283 3793 319 3860 io
332 3793 404 3880 pue,
420 3797 459 3860 ut
475 3777 623 3870 moa
637 3791 683 3860 sit
702 3810 763 3880 pro
778 3777 974 3897 bukana·

149 3906 328 3976 contextui
351 3905 455 3992 napis
479 3905 699 3990 responderet
723 3904 832 3975 versio
857 3905 931 3976 istu.

192 4018 274 4088 lbid
287 4029 454 4106 ouupuom
468 4017 627 4126 spiritum
635 4019 759 4105 pondis
773 4037 868 4086 mum
880 4019 973 4123 ortui,

148 4114 250 4208 turb
275 4141 448 4220 μοιμοι·
480 4141 625 4218 „an-u
660 4136 766 4227 top,
797 4142 901 4219 cnop
923 4151 970 4220 sp.

144 4243 268 4330 pondis
290 4253 462 4328 murmur,
477 4243 539 4312 sod
555 4259 597 4311 or
619 4241 694 4329 ipso
711 4249 871 4312 contextu
887 4245 971 4332 Syro

148 4361 230 4442 puto
252 4355 434 4424 delendum
456 4367 472 4432 ι
495 4363 572 4425 note
596 4340 695 4440 tani,
717 4363 751 4426 ot
775 4357 971 4427 vertendum

149 4466 224 4537 inde
248 4473 287 4541 ut
311 4467 397 4538 dedi.

191 4581 248 4648 ro.
273 4599 363 4648 unu
385 4581 467 4668 quoe
481 4587 556 4663 ou,
574 4581 621 4650 su
638 4581 714 4652 oeus
731 4583 807 4670 pura
830 4583 864 4652 u
884 4585 968 4670 syro
993 4561 998 4568 ’

147 4699 199 4762 est
215 4673 367 4778 bob-Q
390 4693 452 4764 sed
468 4711 508 4764 ex
525 4701 693 4778 contextu,
711 4702 745 4765 et
760 4697 877 4766 Latino
902 4713 974 4766 cor-

148 4805 291 4893 rigerem
305 4787 371 4896 „io
380 4787 452 4868 ba
476 4807 577 4875 mnu
592 4809 645 4895 qu
660 4809 839 4878 ueruto.
852 4863 860 4878 .
873 4861 881 4878 .
896 4809 971 4898 pu.

190 4921 247 4988 27.
273 4903 442 5002 tusto»
473 4919 707 4990 obiiciunt...
732 4921 876 5006 dubitur,
912 4921 972 4992 sed

147 5049 187 5100 ex
215 5033 333 5104 Latino
357 5033 508 5104 delebitur
530 5035 642 5106 nuilus
666 5033 781 5105 dubito
806 5035 972 5122 corripere

148 5128 338 5232 HM»,
363 5165 404 5217 ex
428 5165 495 5236 quo
520 5147 602 5216 illud
627 5153 845 5234 corruptum,
869 5155 907 5217 ut
937 5147 971 5217 in

148 5257 220 5328 diis
244 5259 338 5330 libris
361 5259 442 5342 ridi;
466 5259 506 5330 ci.
531 5266 566 5330 et
588 5259 673 5330 intro
696 5261 738 5330 nd
761 5263 829 5342 vii,
854 5261 909 5330 69.

79 5367 84 5380 ’
194 5373 251 5440 ti.
267 5371 424 5458 spiritum,
441 5353 537 5456 ἰοιοῖ,
554 5379 588 5442 et
612 5373 862 5459 interpungeret
884 5387 969 5440 ama·

152 5482 290 5552 nuensis
313 5491 391 5571 post
415 5483 499 5553 bunc
522 5501 659 5570 rocern,
684 5483 744 5553 sed
775 5489 891 5572 posteo
917 5501 971 5554 re-

149 5595 300 5680 probarit
323 5595 637 5684 interpunctionem.

195 5709 252 5777 69.
279 5709 360 5792 Quiu
383 5709 467 5778 euim
490 5691 745 5822 bum-b*
766 5707 872 5798 podex
888 5709 972 5797 ipso.

195 5821 252 5889 69.
276 5839 345 5907 eos,
367 5831 403 5890 ut
425 5833 523 5890 escort
543 5827 629 5910 eto.,‘
642 5839 747 5909 penus
770 5829 876 5894 nutat
899 5822 971 5910 ipse

152 5929 257 6003 codex
281 5943 421 6026 χοοσυι
444 5917 536 6029 gout,

1120 409 1188 487 ιιι,
1207 409 1259 478 ro.
1284 419 1318 476 u
1338 425 1443 498 uper,
1458 419 1525 502 ,ιο
1540 406 1624 489 pu.
1640 395 1713 502 tsi,
1729 414 1826 488 coest
1841 419 1898 488 au-

1075 521 1164 610 quid,
1189 521 1326 592 Latinus
1349 541 1414 590 uuo
1436 535 1481 592 ert
1497 525 1600 612 judeo
1620 545 1725 615 rupo,
1750 529 1811 600 sed
1835 530 1898 602 utin

1073 651 1138 703 nox
1160 651 1235 704 esse
1251 635 1393 706 debebat
1416 635 1449 704 in
1473 645 1602 725 nostro,
1618 639 1759 712 tortasse
1773 640 1897 712 inm·

1072 747 1220 834 sopiens,
1245 763 1285 814 ex
1309 747 1533 834 parallelismo
1558 767 1634 820 cum
1665 763 1823 841 sequatur
1846 739 1897 834 ilo

1012 907 1016 918 ·
1076 844 1221 938 dmi*
1244 869 1309 950 ς»
1334 859 1416 938 ’νὼ
1440 848 1626 952 &Q
1651 865 1737 955 (sic).

1118 975 1173 1042 24.
1197 973 1436 1060 abuepaoouu,
1460 977 1562 1062 Syrus
1585 957 1690 1052 0552
1709 980 1895 1068 viocourt,

1073 1101 1113 1152 cx
1130 1085 1246 1153 Latino
1262 1087 1492 1174 αὺιιιᾳαυιηιιιι
1508 1089 1639 1178 corrigo
1656 1071 1772 1167 οβ’-ι.

1117 1199 1154 1266 r.
1181 1199 1257 1266 ros.
1280 1201 1316 1268 u.
1349 1201 1370 1268 ι.
1400 1202 1432 1270 s.
1461 1203 1624 1289 couno,
1649 1203 1754 1274 codex
1786 1184 1895 1290 rani,

1073 1309 1153 1396 quid
1176 1310 1339 1397 significet
1362 1312 1501 1398 ignoro,
1525 1313 1590 1382 nisi
1621 1321 1815 1401 corruptum
1850 1315 1894 1386 sit
1969 1305 1972 1314 ‘

1071 1440 1090 1490 o
1115 1434 1215 1508 tara,
1240 1423 1330 1510 quod
1353 1424 1441 1494 dedi.
1467 1428 1516 1494 Ει
1540 1427 1650 1496 radice
1675 1433 1785 1496 umen
1809 1439 1895 1504 tau

1071 1535 1214 1604 fortusse
1236 1543 1287 1604 est
1310 1535 1389 1622 quid
1412 1537 1519 1607 simile
1543 1538 1698 1608 adverbio
1720 1540 1825 1608 omui.

1116 1646 1196 1716 ibid.
1210 1636 1896 1738 i.9atine.judtciie5'ur‚siccodewitt,

1071 1773 1112 1826 er
1136 1767 1293 1828 contextu
1317 1761 1519 1848 corriperem
1543 1774 1651 1838 usati
1670 1763 1784 1850 iudicii
1806 1743 1878 1833 ruet.

1116 1853 1642 1959 bononisatouuruois,
1661 1861 1893 1962 syrustsaso,

1070 1985 1248 2070 upurudo,
1274 1986 1333 2054 sed
1357 1985 1443 2055 linea
1468 1989 1500 2069 7,
1524 1989 1569 2056 28
1593 1995 1627 2056 et
1650 1990 1695 2058 30
1719 1975 1835 2086 ίῳ,
1861 1990 1894 2058 iu

1071 2095 1160 2182 quod
1184 2095 1267 2165 illud
1290 2099 1487 2168 mutandum
1511 2117 1552 2168 er
1575 2099 1648 2170 istis
1673 2099 1767 2172 locis.

1115 2211 1152 2276 P.
1179 2211 1254 2278 rub.
1278 2211 1315 2279 Α.
1340 2211 1361 2280 l.
1387 2213 1418 2280 6.
1442 2212 1578 2280 litorum
1600 2231 1673 2282 oero
1698 2233 1777 2300 puae
1795 2226 1893 2284 outo·

1069 2321 1212 2405 dieruot;
1237 2323 1343 2393 codex
1366 2325 1468 2406 opp-u
1492 2335 1550 2414 et
1574 2313 1721 2416 μδσὶι,
1745 2328 1805 2398 scd
1828 2344 1892 2415 po·

1069 2439 1143 2502 ster
1166 2434 1201 2502 in
1225 2451 1347 2520 genere
1367 2417 1536 2520 ierninino,
1561 2446 1599 2507 ut
1622 2456 1717 2508 error
1740 2440 1783 2508 sit
1807 2457 1894 2510 nma-

1070 2546 1212 2616 nuousis
1237 2564 1299 2634 pro
1325 2550 1425 2634 tzur,
1449 2550 1572 2637 passim
1597 2551 1685 2620 enirn
1714 2553 1894 2640 scriptione

1069 2659 1227 2729 defectiva
1251 2641 1358 2730 utitu'r
1380 2668 1496 2730 noster
1519 2662 1619 2732 etiarn
1642 2663 1714 2734 sine
1738 2665 1835 2736 ribui.
1888 2667 1892 2677 “

1113 2772 1193 2840 ibid.
1214 2771 1235 2840 l.
1256 2775 1307 2842 99.
1321 2773 1436 2860 posuit,
1451 2770 1551 2858 Mt,
1568 2775 1676 2861 primo
1693 2783 1764 2846 erut
1779 2775 1892 2856 Mt

1067 2901 1146 2971 puoe
1164 2885 1271 2971 positu
1291 2887 1361 2972 suit,
1386 2886 1446 2955 sed
1467 2883 1556 2964 >we
1573 2871 1632 2950 οὰι
1659 2895 1838 2976 uiuum,
1854 2899 1893 2960 ut

1070 3002 1122 3065 est
1138 2996 1231 3066 locus
1247 2997 1281 3065 iu
1298 2998 1422 3082 codice,
1439 2998 1472 3068 in
1496 2999 1617 3068 mendo
1635 3017 1709 3070 csse
1726 3001 1889 3074 ridentur.

1114 3108 1195 3178 ibid.
1220 3109 1241 3178 l.
1268 3113 1306 3178 it
1334 3111 1455 3195 adn,
1478 3123 1507 3180 ct
1528 3113 1686 3198 utorium,
1711 3115 1759 3186 sic
1783 3117 1889 3186 codex

1069 3219 1141 3290 sine
1157 3221 1269 3303 verbo,
1287 3222 1377 3310 quod
1400 3223 1516 3294 durius
1540 3226 1581 3294 ab
1604 3225 1698 3296 initio
1715 3229 1888 3298 commutis

1068 3340 1286 3419 repeteretur.

1114 3451 1170 3519 vii
1182 3501 1191 3534 ,
1216 3451 1270 3519 38.
1294 3452 1532 3536 sumtuurium,
1563 3453 1786 3541 suppiendum
1813 3475 1889 3528 ver·

1067 3561 1158 3643 bum,
1183 3579 1260 3631 cum
1282 3563 1540 3636 etiam·Latiuus
1563 3566 1683 3636 babent
1705 3579 1867 3638 cerumar.

1113 3677 1167 3744 dd.
1191 3679 1415 3747 corumorutisre
1437 3699 1517 3764 eum,
1542 3681 1614 3766 Syr.
1639 3665 1782 3760 ordalii
1807 3695 1888 3760 mr.

1113 3773 1169 3858 ro'.
1194 3790 1372 3874 θιιιιιιιαιιι,
1398 3791 1500 3876 Syrus
1524 3803 1615 3876 μισ
1638 3792 1664 3861 Α
1690 3805 1734 3880 te,
1759 3795 1823 3866 sed
1848 3813 1890 3866 ex

1066 3901 1182 3971 Latino
1197 3903 1278 3982 Quid
1293 3910 1354 3972 oto.
1373 3909 1406 3973 et
1422 3921 1463 3972 ex
1478 3911 1636 3976 contextu
1655 3907 1786 3995 corrigo
1800 3895 1888 3994 tuso,

1065 4015 1155 4104 quod
1178 4011 1271 4084 verti.

1109 4130 1163 4198 66.
1188 4130 1437 4217 recopituoimru,
1454 4131 1560 4202 codex
1575 4117 1709 4222 ρὶί,
1727 4135 1828 4224 quod,
1852 4143 1890 4206 ut

1064 4249 1166 4330 putet,
1191 4244 1386 4314 mutandum
1410 4245 1444 4314 in
1468 4232 1622 4338 <mhi

1109 4356 1162 4424 dt.
1187 4355 1264 4444 puio
1295 4358 1379 4426 suoi
1401 4357 1491 4446 dtus,
1514 4338 1717 4458 octog-‘niz
1741 4351 1888 4446 bodun,

1062 4465 1198 4536 butinus
1230 4467 1263 4536 in
1288 4467 1349 4537 aliu
1381 4469 1486 4540 torma
1510 4473 1603 4558 puori
1631 4455 1698 4542 sub
1720 4475 1887 4562 opnione,-

1064 4595 1140 4650 cum
1164 4598 1204 4650 ex
1228 4599 1296 4650 uuo
1320 4591 1446 4670 puncto
1470 4585 1621 4674 subjecto
1639 4587 1683 4658 sit
1707 4594 1778 4657 tota
1794 4589 1887 4660 dide·

1063 4693 1169 4762 rentia
1194 4693 1290 4780 syri,
1314 4703 1397 4782 puto
1421 4713 1655 4768 amanuensem
1680 4717 1839 4788 errasse„
1854 4699 1888 4772 et

1063 4803 1277 4876 scribendum
1308 4823 1385 4878 esse
1415 4791 1619 4906 «octog-²3³2?
1652 4801 1778 4896 996»
1812 4814 1889 4900 puio

1062 4913 1159 5006 op'ero
1188 4919 1277 5006 ejus,·
1302 4919 1365 4988 nisi
1389 4921 1509 5008 potius·
1527 4939 1568 4992 er
1592 4923 1744 4994 iiobrueo
1768 4925 1886 4996 arebe-

1062 5039 1142 5118 typo
1174 5031 1259 5102 maie
1294 5031 1381 5103 lecto
1417 5035 1680 5120 proruentibus
1716 5037 1764 5108 sic
1795 5038 1887 5110 dedit

1063 5146 1218 5229 Graecus,
1242 5151 1275 5213 et
1299 5161 1340 5214 ex
1364 5161 1405 5214 eo
1429 5145 1575 5216 Latinus.

1107 5257 1165 5326 69.
1190 5267 1220 5324 et
1241 5257 1270 5324 si
1292 5277 1370 5341 nou,
1392 5257 1440 5326 sic
1464 5259 1581 5328 codex.

1108 5371 1163 5438 69.
1187 5379 1217 5436 et
1230 5369 1340 5437 obiitus
1353 5370 1458 5456 fuerit,
1475 5355 1607 5458 hbeo,
1627 5373 1686 5444 sed
1702 5391 1744 5444 ex
1768 5377 1884 5446 Latino

1061 5481 1215 5566 deuouit,
1239 5483 1440 5568 corrigerem
1464 5469 1563 5568 inb-ta
1585 5487 1738 5558 obnuit.

1100 5595 1182 5678 Viti,
1194 5597 1224 5663 2.
1233 5595 1590 5682 umttttuutuem,codox
1599 5583 1737 5686 imo,
1750 5603 1887 5690 mium,

1062 5705 1151 5796 quod
1167 5713 1316 5776 mutuor
1339 5707 1455 5778 Latino
1471 5711 1708 5782 simititudiueu
1727 5713 1761 5784 in
1777 5697 1883 5788 boso.

1108 5821 1162 5888 to.
1185 5819 1268 5904 Nou,
1292 5819 1340 5889 sic
1363 5821 1469 5892 codor
1492 5811 1537 5908 il,
1559 5825 1621 5895 sed
1650 5833 1726 5896 note
1749 5809 1773 5900 ΙΙ
1798 5825 1884 5898 iinon

1062 5931 1199 6004 ulterius
1213 5951 1332 6004 munus
1348 5937 1578 6024 ponponium
1598 5937 1746 6010 voluitne
1757 5921 1795 6018 Ui
1807 5941 1886 6010 Sed?
