4690 6406
494 415 548 480 98.
573 432 603 481 a.
630 430 708 482 cens
755 411 876 481 Eamus
901 409 942 480 ad
966 430 1004 481 e-

630 543 669 594 ns
695 525 722 593 si
749 523 872 592 inimici
896 525 996 609 impie

628 639 778 706 iecerunt
801 638 904 706 semel
929 638 988 705 an*

630 749 751 819 hucin
778 749 950 818 deminum
975 767 1072 817 suum

628 879 695 929 nen
720 867 771 929 est
795 862 953 930 deiensor

628 972 692 1040 iliis
717 973 773 1058 qui
797 973 881 1040 ierat
905 991 967 1059 pro

628 1087 677 1156 eis
701 1105 837 1173 praeces
862 1086 997 1155 domine

630 1199 798 1285 quomodo
823 1217 940 1268 mense

629 1320 701 1381 erat
724 1331 862 1398 magnus
887 1314 997 1381 nunti-

628 1445 678 1494 us·
704 1427 759 1513 qui
785 1427 924 1512 singuiis
948 1425 1040 1496 heris

628 1539 745 1609 diebus
770 1547 803 1608 et
827 1541 982 1610 nectibus
1006 1542 1063 1608 ha-

628 1651 727 1719 bebnt
751 1669 858 1736 genua
882 1671 941 1720 sua
966 1653 1019 1720 in·

629 1763 691 1828 sua
716 1761 750 1828 in
775 1769 862 1830 terra
887 1781 988 1830 erens

629 1881 662 1942 et
686 1873 820 1943 intuens
845 1875 987 1942 hemini-

627 1991 800 2070 putentem
824 1988 939 2056 orbem

627 2105 790 2166 termnum
815 2116 890 2166 eum
915 2100 975 2167 mi-

631 2211 811 2278 sericordia
836 2219 868 2278 et
893 2211 962 2280 ius-

632 2321 701 2388 titia
725 2321 943 2391 reminiscens

629 2443 864 2504 testamentum
888 2455 947 2522 pu-

629 2555 771 2616 rentum·
797 2557 831 2616 et
854 2549 942 2618 iure-

629 2661 768 2730 iurando
792 2663 952 2748 placando

630 2773 801 2842 deminum
825 2775 935 2844 dicent
959 2777 1048 2844 enim

629 2902 695 2953 nnn
721 2893 772 2956 est
796 2887 851 2956 ilie
876 2905 950 2956 cum
975 2889 1024 2959 eis

631 3015 745 3066 eamus
770 2999 880 3085 itaque
905 3007 938 3067 et
962 3017 1041 3066 eun-

559 3165 565 3176 .
630 3111 807 3180 tundamus
831 3129 890 3180 ens
914 3131 931 3179 e
957 3111 1004 3179 ia-

627 3222 695 3292 cine
719 3229 826 3292 terrae
851 3223 940 3308 qued

627 3353 706 3421 ergo
730 3337 787 3405 tiet
811 3337 899 3422 plebi
924 3337 979 3405 isti

631 3449 763 3517 demine
788 3440 905 3518 uionse
929 3457 962 3518 et
987 3459 1082 3536 post-

631 3578 729 3647 quam
753 3561 861 3630 iiniuit
885 3579 960 3630 uer-

617 3673 669 3778 'ba
693 3673 784 3742 iesus
808 3674 930 3743 iterum
954 3693 1033 3760 pne-

630 3786 709 3854 cidit
733 3787 772 3856 nd
797 3787 901 3874 penes
925 3789 1034 3856 mensi

610 3901 648 3966 Et
672 3916 790 3968 mense
806 3899 938 3984 prendit

631 4030 764 4080 manum
789 4012 897 4098 ipsine
918 4022 951 4080 et
975 4031 1012 4080 e-

632 4125 717 4193 rexit
741 4125 890 4193 illumin
915 4125 1030 4194 euthe-

632 4239 690 4307 (ιιι
714 4245 789 4308 ante
813 4256 860 4307 se‘
885 4242 927 4308 Et
950 4257 1022 4308 res-

630 4351 747 4435 pondit
771 4359 805 4420 et
828 4353 909 4420 dixit
932 4353 980 4420 ilii

633 4463 733 4530 iesus·
758 4471 791 4533 et
814 4483 856 4532 ne
880 4471 1041 4533 centem-‹

634 4592 691 4643 uns
715 4575 775 4644 sed
798 4575 919 4662 praebe
945 4583 977 4644 te

633 4704 788 4758 securum
812 4697 845 4758 et
869 4689 985 4759 adten-

633 4807 674 4873 de
699 4805 810 4875 uerbis
834 4804 918 4874 meis
942 4823 1014 4873 om-

633 4935 693 4986 nes
717 4926 833 5003 gentes
857 4935 941 5006 quae
965 4925 1043 4986 sunt

633 5031 668 5098 in
691 5049 749 5100 one
774 5037 938 5100 terrarum

636 5145 717 5213 dens
741 5145 866 5214 creauit
890 5153 923 5216 et
948 5163 1010 5214 nos

636 5257 801 5342 praeuidn
824 5255 901 5326 iilos
924 5265 958 5326 et

633 5389 695 5440 nes
716 5371 756 5441 nb
781 5371 875 5441 initio
900 5391 992 5442 eren·

634 5493 727 5554 turae
751 5485 842 5556 orbis
866 5491 967 5555 tema-

634 5613 719 5666 num·
744 5603 781 5666 ut
804 5597 846 5666 nd
869 5597 995 5668 exitum

633 5709 767 5778 saeculi·
780 5715 813 5778 et
836 5707 917 5777 ninii
941 5717 993 5780 est

1242 230 1418 295 ..62-

1376 411 1429 476 97.
1455 427 1485 475 u.
1511 405 1552 476 ab
1577 424 1617 476 ee
1642 407 1831 504 neglectum
1855 424 1912 475 us-

1511 537 1575 605 que
1599 519 1640 587 ad
1664 517 1832 605 pusillum·

1511 633 1571 702 ned
1596 632 1705 700 omnin
1730 630 1892 718 praeuidit

1512 755 1545 814 et
1569 745 1734 832 prouenit
1751 763 1826 812 cum

1512 859 1556 925 eis
1580 911 1587 925 .
1615 912 1621 926 .
1647 859 1839 925 insomnia
1864 873 1948 940 quae

1510 971 1622 1038 futura
1646 975 1757 1036 essent
1783 969 1815 1035 in
1840 969 1900 1034 inc

1513 1085 1593 1153 orbe
1618 1091 1781 1152 ternarum
1805 1100 1879 1167 pne-

1513 1196 1597 1264 uidit
1621 1201 1655 1264 et
1678 1212 1751 1264 ecee
1776 1196 1885 1264 auter-

1511 1317 1567 1377 tur
1614 1363 1792 1378 ......

1514 1476 1521 1490 .
1549 1475 1555 1490 .
1583 1441 1628 1490 ‚s
1651 1441 1703 1490 me
1724 1423 1845 1490 eonsti-

1512 1537 1571 1602 tuit
1593 1553 1655 1620 pne
1680 1536 1729 1604 eis
1754 1542 1787 1603 et
1811 1553 1872 1620 pro
1898 1552 1973 1619 pec-

1513 1647 1593 1714 catis
1618 1664 1735 1714 enrum
1761 1699 1767 1713 .
1795 1699 1801 1712 .
1828 1699 1835 1712 .

1515 1812 1589 1826 ...
1638 1758 1762 1826 etin.
1791 1745 1939 1824 secare.
1968 1811 1974 1823 .

1513 1887 1574 1956 pru
1600 1871 1657 1938 eis·
1686 1887 1751 1936 nen
1777 1868 1865 1936 enim

1515 1989 1653 2068 propter
1676 1999 1784 2049 meam
1809 1981 1876 2048 uin-

1514 2103 1619 2163 tutem
1645 2102 1701 2164 nut
1719 2095 1861 2164 infirmi·

1515 2215 1626 2277 tatem·
1653 2193 1712 2276 s'ed
1737 2214 1862 2292 tempe·

1515 2321 1643 2389 nuntius
1663 2321 1850 2390 misericor-

1513 2437 1586 2504 diae
1611 2435 1715 2522 ipsius
1740 2443 1773 2504 et
1798 2435 1883 2520 pati-

1516 2549 1603 2616 entia
1629 2555 1847 2633 contegerunt

1512 2659 1604 2728 mihi·
1631 2661 1706 2728 dieu
1730 2660 1819 2728 enim
1844 2661 1887 2729 ti-

1512 2775 1544 2842 bi
1569 2774 1651 2842 iesu·
1675 2792 1741 2843 non
1766 2783 1905 2860 propter

1512 2887 1670 2972 pietatem
1693 2887 1799 2972 plenis
1824 2888 1884 2956 hu-

1512 2998 1563 3066 ius
1588 2999 1822 3068 exterminabis

1441 3165 1447 3180 .
1518 3119 1644 3198 gentes·
1671 3112 1780 3180 omnia
1804 3113 1885 3180 eneti

1512 3225 1720 3296 firmamenta
1745 3226 1869 3311 nntius
1907 3265 1919 3274 -

1513 3347 1544 3407 ta
1569 3347 1606 3406 ut
1630 3345 1769 3423 prnuatn
1793 3357 1811 3406 ι
1837 3339 1899 3406 deo

1513 3459 1546 3520 et
1571 3453 1633 3520 sub
1659 3451 1751 3520 nuile
1775 3452 1891 3520 dente-

1516 3581 1572 3632 rae
1597 3563 1686 3633 iilius
1710 3571 1789 3632 sunt

1490 3675 1663 3744 Facientes
1687 3674 1799 3762 itaque
1823 3681 1856 3741 et
1881 3690 1962 3742 een-

1514 3795 1719 3858 summantes
1742 3769 1894 3856 mande

1512 3908 1544 3968 ta
1568 3901 1620 3969 dei
1645 3908 1799 3970 creseunt
1822 3907 1856 3969 et
1879 3901 1941 3969 nn·

1513 4029 1590 4080 nam
1613 4013 1702 4081 uiam
1726 4013 1863 4098 exigunt

1512 4145 1588 4196 nam
1612 4129 1824 4213 peccantibus
1849 4135 1883 4196 et

1512 4240 1759 4326 neglegentibus
1784 4257 1878 4308 mnn-

1514 4353 1588 4420 data
1613 4353 1869 4422 caremtenam

1513 4483 1597 4552 quae
1621 4465 1788 4552 praedicta
1813 4473 1891 4534 sunt

1489 4579 1529 4644 Et
1554 4576 1734 4663 punientur
1757 4595 1775 4645 n
1798 4595 1880 4662 pen·

1511 4689 1599 4758 tibus
1624 4689 1736 4758 multis
1761 4695 1905 4758 termen-

1512 4804 1564 4872 tis·
1591 4821 1666 4872 nam
1691 4822 1724 4870 ιιι
1749 4809 1857 4871 tetum
1881 4821 1940 4871 ex-

1510 4915 1665 4985 terminet
1688 4923 1722 4984 et
1745 4916 1847 4985 relin-

1512 5035 1591 5115 qunt
1615 5045 1673 5096 ees
1697 5027 1769 5098 fieri
1794 5045 1862 5097 nnn

1512 5145 1633 5226 potest·
1659 5140 1763 5209 exiuit
1786 5140 1875 5210 enim

1512 5254 1594 5324 deus
1618 5255 1674 5342 qui
1699 5254 1863 5341 praeuidit
1888 5272 1961 5324 em-

1511 5365 1564 5434 nin
1588 5365 1622 5434 in
1646 5367 1778 5436 saecula
1801 5375 1835 5436 et
1860 5375 1931 5437 sta-

1512 5479 1643 5550 bilitum
1662 5487 1714 5550 est
1736 5487 1839 5551 testa-

1510 5600 1661 5664 mentum
1684 5593 1782 5664 illius·
1807 5607 1841 5663 et

1478 5771 1482 5780 .
1511 5705 1722 5778 iureiurando
1747 5707 1836 5794 qnod
