4594 6452
1244 243 1449 311 -150-

473 399 531 473 τλν
553 401 756 491 συκοφαντίαν
779 401 893 472 ἐκείνην
907 399 1140 491 τετολμηκέναι,
1154 397 1207 464 τάν
1226 397 1294 488 μέν·

473 536 521 578 τοι
544 514 629 604 ὑρκον
652 513 696 603 μὴ
719 511 798 578 πολὺ
820 507 894 577 είναι
917 507 1011 599 ψευδῆ
1036 512 1148 603 έλεγεν·
1171 517 1294 578 Εὑστα-

474 624 536 691 θίου
559 625 619 717 γάρ
642 649 720 702 τινος
743 623 884 716 χαλκέως
905 624 944 692 τό
966 618 1070 714 θρέφος
1092 620 1166 690 εἶναι
1189 617 1274 690 ἐθόα.

519 745 649 803 Teura·
673 739 727 828 μὲν
750 731 799 803 οὑν
815 743 845 802 ἐν
860 734 1032 827 Ἀντιοχείᾳ
1047 737 1132 828 παρά
1146 747 1201 802 τοῦ
1224 737 1292 802 ἀπε·

473 843 541 924 teu<
568 851 710 934 Εὑσεβίοο
736 851 871 916 καὶτῶν
894 851 971 939 ἀμφ’
988 849 1078 916 αὑτὸν
1101 849 1294 938 τετόλμηται

472 961 553 1026 τότε»
576 959 666 1028 Ἀλλ’
681 953 752 1028 οὑδὲ
772 962 866 1036 οὑτως
887 969 915 1025 οί
938 963 1055 1044 ἀσεβεῖς
1085 961 1293 1052 ἀνετράπησαν

471 1073 553 1152 τότε,
569 1065 639 1140 οὑδὲ
661 1075 746 1166 κόρον
770 1067 945 1164 ἐλάμύανον
960 1083 1019 1138 τῶν
1042 1075 1126 1140 κατά
1142 1085 1199 1149 τῖς
1213 1079 1290 1144 ἀλη·

472 1186 553 1263 θείας
575 1187 741 1278 προμάχων
757 1195 970 1276 συκοφαντῶν,
986 1188 1059 1251 ἀλλ’
1075 1185 1240 1276 ἐωρακύτες
1254 1194 1294 1262 ῶς

471 1295 555 1364 κατά
571 1299 694 1390 γνώμην
717 1306 818 1374 αὑτοῖς
832 1298 875 1363 τά
898 1297 983 1363 κατά
1006 1309 1061 1363 τοὺ
1083 1299 1221 1390 μεγάλου
1236 1305 1291 1363 Ei·

471 1409 597 1478 σταθίου
619 1412 810 1490 ὑπήντησεν,
834 1409 933 1500 ἕτερον
964 1409 1057 1475 πάλιν
1081 1403 1184 1500 δρᾶμα
1206 1411 1292 1476 κατά

470 1533 526 1588 τοὺ
548 1522 626 1590 θείου
641 1522 821 1591 Ἀθανασίου
844 1519 1108 1614 σορράπτουσιν,ᾧ
1129 1525 1291 1614 προσόμοι-

471 1659 503 1701 ον
537 1629 631 1713 οὑδείς
653 1648 713 1702 τῶν
736 1639 888 1702 κακίστων
912 1629 1025 1726 ἀνδρῶν
1047 1637 1173 1702 πώποτε
1196 1659 1292 1702 κατε-

470 1748 615 1838 τόλμησε.
647 1749 843 1840 Κατηγόρους
866 1747 925 1839 γάρ
949 1749 1043 1814 πάλιν
1065 1749 1149 1824 τινάς
1179 1756 1214 1814 ἐκ
1236 1759 1293 1824 τῆς
1324 1739 1329 1746 ’

472 1867 566 1937 αὑτῆς
590 1865 760 1928 Μελετίου5
782 1863 946 1951 συμμορίας
968 1859 1198 1950 μισθωσάμενοι,
1221 1883 1291 1951 προ·

470 1974 597 2066 σάγουσι
619 1985 663 2058 τῷ
687 1979 808 2060 βασιλεῖ
838 1973 922 2039 κατά
945 1971 1127 2040 Ἀθανασίου
1158 1969 1294 2049 θοῶντας

471 2089 675 2180 ἀνοσιουργίας
698 2087 825 2179 αίσχράς
846 2087 1071 2175 τετολμηκίναι
1098 2086 1218 2163 πολλάς
1239 2087 1292 2152 τδν

470 2209 526 2275 τῆς
549 2207 658 2291 ἀρετῆς
680 2199 830 2272 ἀθλητήν.
852 2197 978 2291 Ἠγεῖτο
1002 2191 1036 2266 δὲ
1059 2201 1173 2265 τούτων
1197 2199 1291 2265 Εὑσέ-

472 2311 533 2394 βιός
547 2335 583 2378 τε
605 2315 659 2378 καί
683 2313 831 2405 Θεόγνιος,
847 2313 900 2376 καί
916 2305 1068 2402 Θεόδωρος
1082 2321 1099 2377 ὑ
1113 2303 1291 2404 Ιίάρακλειίι·

470 2449 526 2502 της
540 2435 596 2502 τῆς
620 2426 752 2517 Θράκης,
767 2431 821 2490 οὑκ
845 2423 960 2490 ἀνεκτά
984 2427 1075 2490 ταῦτ’
1091 2421 1165 2490 εἶναι
1187 2426 1290 2517 λέγον-

470 2559 539 2614 τες,
563 2529 632 2604 οὑδὲ
654 2545 761 2613 ἀκοαῖς
783 2537 910 2628 φορητά.
934 2535 1071 2602 Πειθοὺσι
1095 2531 1135 2610 δὴ
1166 2533 1215 2602 οὖν
1238 2537 1292 2602 τθν

471 2650 601 2732 βασιλέα
628 2644 750 2714 σύνοδον
773 2657 803 2716 ἐν
825 2647 999 2739 Ἀντιοχείᾳ
1022 2659 1079 2726 τῆς
1109 2653 1212 2740 Συρίας
1241 2673 1291 2715 συ·

469 2759 678 2852 ναθροισθῆναι
694 2768 843 2840 κελεῦσαι,
859 2761 930 2826 ἔνθα
946 2763 1066 2838 πλείους
1085 2757 1163 2833 ἦσαν
1179 2773 1206 2828 oi
1221 2755 1290 2828 δυσ-

389 2948 394 2956 ,
470 2885 574 2963 μενεῖς,
590 2882 679 2940 κάκεῖ
690 2874 743 2940 τὸν
753 2871 932 2956 Ἀθανάσιον
947 2871 1091 2965 κριθῆναι.
1109 2873 1242 2951 Πεισθεὶς
1256 2867 1292 2940 δέ

471 2995 510 3062 ὡς
533 2983 683 3078 ίερεῦσινθ
705 2983 854 3062 ύασιλεύς·
877 2987 979 3078 ἠγνόει
995 2987 1054 3079 γάρ
1077 2993 1235 3070 παντελῶς
1249 2987 1291 3052 τά

459 3084 544 3190 ’παρ’
561 3105 659 3165 αὑτῶν
682 3099 871 3190 τυρευόμενα·
894 3097 1033 3191 γενέσθαι
1063 3075 1156 3166 τοῦτο
1186 3099 1290 3190 προσέ-

470 3203 705 3287 ταξεν,Ἀλλ’ὑ
720 3222 777 3287 τῆς
792 3209 939 3286 ἀληθείας
961 3211 1145 3302 ὑπέρμαχος,
1162 3221 1179 3278 ὑ
1194 3211 1293 3304 μέγας

470 3323 656 3402 Ἀθανάσιος,
674 3319 815 3394 τὴντῶν
838 3323 1058 3416 προρρηθέντων
1081 3327 1198 3409 ἀσεβῶν
1221 3317 1289 3390 δυσ-

470 3439 588 3526 μένειαν
611 3437 819 3527 ἐπιστάμενος,
843 3444 901 3528 οὑχ
924 3432 996 3508 ἧκεν
1019 3445 1059 3514 είς
1074 3441 1111 3504 τὸ
1134 3431 1290 3529 συνέδριον·

469 3547 623 3615 Ἐντεῦθεν
642 3551 739 3615 τοίνυν
762 3542 886 3640 μείζονα
909 3550 1058 3640 πρόφασιν
1081 3558 1121 3628 είς
1143 3575 1289 3642 συκοφαν·

469 3665 539 3728 τίαν
568 3657 734 3742 λαθόντες,
759 3655 846 3738 ἅπαξ
868 3664 921 3729 τὸν
952 3664 1036 3729 κατά
1059 3675 1122 3739 τῆς.
1145 3664 1291 3740 ἀληθείας

469 3767 688 3865 ἀναδεξάμενοι
702 3777 846 3866 πόλεμον,
862 3769 1033 3868 τυραννίδος
1048 3778 1139 3844 αὑτὸν
1151 3780 1204 3843 καί
1219 3777 1289 3869 θρα»

470 3888 599 3964 σύτητος
620 3889 671 3953 ἐπί
699 3898 755 3954 τοὺ
778 3875 925 3973 βασιλέως
948 3880 999 3955 διά
1022 3891 1211 3982 γραμμάτων
1233 3888 1289 3979 ψη-

470 3993 598 4090 φίζεται.
614 3997 671 4066 Ἐκ
694 3991 729 4066 δέ
751 4001 860 4066 τούτου
883 4008 924 4078 είς
945 4002 1037 4093 ὀργὴν
1060 4003 1144 4067 κατά
1159 3999 1289 4068 Ἀθανα-

470 4114 533 4178 σίου
555 4105 693 4203 ἐξαφθείς
716 4121 732 4178 ὑ
755 4113 930 4203 πραότατος
952 4115 1092 4198 βασιλελς
1117 4116 1290 4182 ἐπέστειλεν

471 4231 563 4308 αὑτῷ,
578 4227 635 4297 τλν
657 4226 750 4318 ὀργὴν
772 4207 951 4316 ὑποφαίνων,
974 4229 1026 4292 καί
1048 4229 1105 4300 τλν
1129 4229 1220 4320 Τύρον
1234 4253 1290 4294 κα-

469 4331 619 4404 ταλαθεῖι
648 4347 835 4429 παρεγγυῶν·
858 4343 953 4404 ἐκεῖσε
982 4321 1042 4431 γάρ
1072 4339 1290 4430 μετατεθεῖσαν

469 4448 662 4540 ἀθροισθῆναι
684 4451 743 4522 τὴν
764 4443 885 4515 σύνοδον
908 4444 1110 4542 προσέταξεν,
1140 4453 1288 4518 ὑποπτεύ-

470 4585 526 4638 σας
555 4561 720 4653 ὑφορᾶσθαι
738 4562 804 4634 ’τλν
826 4560 1006 4653 Ἀντιοχέων
1036 4564 1089 4630 τὸν
1110 4559 1289 4630 Ἀθανάσιον

470 4665 523 4740 διά
545 4675 583 4740 τὸ
606 4674 737 4752 πολλούς
759 4671 833 4741 εέναι
856 4676 940 4742 κατὰ
963 4678 1020 4748 τὴν
1044 4680 1199 4750 ἀνατολὴν
1221 4679 1290 4754 τοὺς

469 4790 527 4860 τὴν
549 4786 662 4880 Ἀρείου
685 4783 788 4860 iuius
811 4781 1062 4882 είσδεδεγμένους.
1086 4788 1224 4882 Ἔγραψε
1254 4786 1290 4858 δέ

469 4903 522 4968 καί
544 4913 584 4990 τῇ
619 4896 733 4986 συνόδῳ
761 4903 837 4995 ἅπερ
860 4909 952 4994 ἐχρῆν
975 4909 1144 4970 ἐπιστεῖλαι
1166 4905 1219 4972 τὸν
1242 4911 1287 4971 εὑ·

468 5017 572 5099 σεβείᾳ
595 5016 802 5106 κοσμούμενον.
816 5014 916 5082 Ι’ἀστι
938 5007 975 5082 δέ
996 5027 1110 5088 ταῦτα.

515 5333 717 5418 ‘Socrates
741 5337 766 5416 Ι,
790 5355 896 5419 ικνιιι,
921 5337 1286 5423 sozomenus‚11,nv,

440 5443 701 5514 .Τίιοοὺονάιιε·
723 5448 757 5530 i,
794 5467 910 5529 ιιινιιι,
946 5447 1152 5532 Nicephorus
1187 5449 1286 5520 Catii·

469 5563 553 5641 stus,
576 5559 658 5638 viii,
683 5579 836 5626 rursu-rx.
925 5601 928 5608 ·

514 5669 528 5715 ⁵
552 5671 606 5740 Sie
630 5671 746 5753 codex,
771 5671 805 5739 iu
829 5670 974 5758 capitulo
998 5673 1150 5759 sequenti
1172 5681 1291 5744 -uuteru

470 5783 549 5852 item
582 5783 742 5870 seriptum
773 5781 879 5871 prime
909 5799 1028 5855 manus
1059 5785 1195 5873 corrigit
1226 5795 1290 5852 ηιε-

468 5893 574 5960 λιτίου.
896 5891 899 5898 ’

1774 411 1821 466 iz.

1384 565 1585 624 ΕΠΙΣΤΟΛΗ
1601 565 1679 624 ΤΟΥ
1693 567 1882 626 nuruum
1898 569 2178 636 Knuzutuuiuor

1429 677 1533 736 ΠΡΟΣ
1546 679 1627 738 ΤΗΝ
1641 679 1693 738 EN
1709 681 1820 738 ΤΤΡίλι
1837 681 2175 746 ΣΥΝΑΘΡΟΙΣΘΕΙΣΑΝ

1429 791 1619 850 ΣΥΝΟΔΟΝ.

1427 975 1652 1040 Κωνστανπνος
1672 966 1798 1042 eruturus
1819 965 1961 1056 μέγιστος
1989 969 2178 1056 σεβαστδςτῇ

1382 1078 1458 1168 άγία
1480 1069 1594 1158 συνόδῳ
1615 1087 1656 1164 τῇ
1680 1083 1712 1142 ἐν
1731 1067 1817 1166 Τύρῳ
1838 1075 2082 1167 συναθροισθείσφ.

1426 1185 1487 1252 Ἦν
1509 1187 1563 1277 μέν
1584 1189 1654 1263 ἴσως
1676 1186 1842 1252 ἀκόλουθον
1868 1191 1921 1254 καί
1943 1197 1984 1276 τῇ
2006 1199 2062 1255 τῶν
2083 1204 2178 1283 καιρῶν

1380 1299 1530 1390 εὐπραγίᾳ
1560 1298 1699 1388 μάλιστα
1729 1299 1863 1390 πρέπον,
1886 1303 2088 1369 ἀστασίαστον
2116 1301 2178 1371 ἀναν

1340 1413 1346 1420 “
1381 1410 1439 1482 τὴν
1462 1407 1628 1481 καθολικὴν
1650 1413 1834 1490 ἐκκλησίαν,
1856 1413 1909 1477 καί
1931 1413 2031 1488 πάσης
2051 1411 2181 1506 λοιδορίας

1382 1523 1451 1600 τούς
1471 1533 1526 1589 τοὺ
1549 1511 1677 1613 Χριστοὺ
1699 1531 1748 1588 νὺν
1776 1523 1985 1614 ἀπηλλάχθαι
2007 1525 2178 1616 θεράποντας.

1382 1628 1509 1706 Ἐπειδὴ
1534 1628 1569 1701 δέ
1591 1637 1712 1701 τοίνυνι
1735 1641 1793 1726 οὑχ
1818 1638 1934 1727 ὑγιῶςδ
1962 1639 2128 1726 φιλονεικίας
2147 1641 2180 1702 ei·

1382 1771 1461 1837 στριρ
1483 1747 1561 1824 τινὲς
1582 1728 1841 1838 exaestuemus
1863 1746 1923 1838 γάρ
1948 1749 1986 1814 ἀν
2009 1748 2082 1814 ἄλλό
2100 1773 2128 1812 τι
2146 1751 2177 1814 εί·

1381 1883 1477 1948 ποιμι,
1492 1853 1624 1937 θιοῦντες
1646 1870 1762 1928 ἑαυτῶν
1785 1851 1914 1938 ἀναξίως
1937 1862 1980 1927 τά
2002 1861 2100 1926 πάντα
2121 1885 2180 1951 αιγ·

1382 1971 1463 2061 χέειν
1485 1977 1689 2063 ἐπιχειροῦσιν,
1711 1975 1784 2064 ὑπερ
1807 1973 1910 2050 πάσης
1933 1984 2079 2064 συμφορᾶς
2099 1997 2181 2062 κεχω·

1382 2085 1505 2176 ρηκένοιι
1520 2109 1571 2176 μοι
1594 2078 1678 2152 δοκεῖ
1691 2085 1841 2164 ἐπέκεινα,
1852 2087 1962 2152 τούτου
1978 2087 2061 2177 χάριν
2075 2084 2180 2158 θέοντας

1382 2203 1479 2286 ὑμεῖς,
1501 2197 1539 2262 τὸ
1561 2206 1616 2262 τοὺ
1638 2197 1751 2289 λόγου,
1774 2199 1983 2290 προτρέπομαι
2013 2199 2094 2288 χωρίς
2117 2221 2181 2270 τινος

1381 2307 1563 2400 ὑπερθέσεως
1584 2311 1634 2376 ἐπὶ
1656 2311 1694 2376 τθ
1718 2309 1793 2376 αὑτθ
1816 2301 2014 2400 συνδραμεῖν,
2035 2312 2084 2374 καί
2110 2313 2179 2378 πλη-

1380 2430 1472 2512 ρῶσαι
1505 2422 1563 2493 τὴν
1597 2415 1742 2507 σύνοδον,
1772 2433 1982 2511 πνευματικῆς
2013 2423 2181 2514 πανηγύριος

1380 2541 1532 2626 ἐπαμῦναι
1553 2535 1674 2611 τέτοῖς
1696 2527 1856 2626 χρῄζουσιν
1879 2537 2054 2626 ἐπικουρίας,
2074 2536 2135 2610 τοὺς
2151 2525 2180 2598 δὲ

1380 2639 1529 2738 ἀδελφοὺς
1558 2655 1712 2740 ίατρσὺσαι
1735 2644 1979 2728 κινδυνεύοντας,
2002 2657 2041 2724 είς
2061 2649 2180 2736 ὁμόνοιαν

1379 2767 1588 2854 ἐπαναγαγεῖν
1609 2763 1652 2828 τά
1675 2773 1736 2830 τῶν
1759 2768 1858 2854 μελῶν
1882 2756 2053 2840 διεστῶτα,
2075 2753 2179 2850 διορθύ·

1379 2871 1493 2950 σασθαί
1513 2898 1550 2940 τε
1571 2875 1614 2940 τά
1637 2876 1920 2966 πλημμελούμενα,
1944 2885 1984 2952 ῶς
2012 2875 2105 2964 καιρός
2123 2879 2179 2938 ἐπι-

1379 2985 1490 3076 τρέπει·
1512 2991 1562 3052 ἵνα
1584 2999 1653 3066 ταῖς
1674 2989 1841 3064 τοσαύταις
1863 2991 2027 3080 ἐπαρχίαις
2045 2990 2098 3057 τὴν
2118 2985 2179 3074 πρέ·

1379 3121 1495 3164 τεουσαν
1510 3093 1653 3166 ἀποδῶτε
1668 3101 1847 3192 συμφωνίαν,
1858 3100 1905 3180 ἣν,
1921 3112 1977 3192 φεῦ
1991 3111 2045 3176 τῆς
2060 3099 2180 3173 ἀτοπίας,

1379 3215 1552 3302 ἐλαχίστων
1574 3213 1735 3305 ἀνθρώπων
1757 3213 1924 3280 ἀπώλεσαν
1947 3211 2104 3304 ὑπεροψίαι.
2117 3209 2180 3274 Ὀτι

1380 3315 1415 3390 δέ
1436 3334 1528 3390 τοῦτο
1550 3326 1605 3392 καί
1626 3337 1671 3410 τῶ
1693 3317 1829 3414 δεσπότῃ
1854 3335 1923 3410 Θεῷ
1946 3329 2027 3394 ἐστίν
2055 3324 2180 3416 ἀρεστὸν,

1379 3438 1433 3501 καί
1454 3445 1526 3526 ἡμῖν
1548 3449 1641 3504 πᾶσιν
1663 3446 1755 3530 εύχῆς
1785 3439 1965 3534 ὑπέρτερον,
1988 3439 2041 3504 καί
2066 3445 2126 3526 ὑμῖν
2151 3455 2181 3523 γε
2216 3415 2222 3428 ’

1380 3557 1499 3630 αὑτοῖς,
1522 3552 1576 3617 ἐάν
1606 3575 1643 3644 γε
1669 3553 1726 3624 τλν
1749 3553 1865 3642 εἰρήνην
1888 3549 2133 3630 ἀνακαλέσοσθε,
2154 3551 2182 3610 ού

1379 3673 1436 3740 siit
1457 3665 1606 3755 τυχούσης
1629 3658 1712 3744 ἀξιον
1728 3659 1874 3752 εὑδοξίας,
1889 3667 2013 3743 πάντας
2034 3663 2183 3754 ἀνθρώπων

1379 3783 1590 3869 συνομολογεῖν
1611 3785 1754 3870 ἡγοῦμαι.
1779 3779 1829 3850 Μὴ
1852 3781 1953 3844 τοίνυν
1981 3777 2106 3868 μέλλετε
2131 3779 2182 3836 λοι·

1379 3887 1445 3966 πόν,
1468 3891 1542 3954 ἀλλ’
1557 3891 1759 3966 ἐπιτείναντες
1772 3889 1907 3956 ἐντεῦθεν
1923 3887 1987 3964 ἤδη
2003 3891 2044 3956 τά
2059 3899 2111 3964 τῆς
2123 3907 2183 3974 ²94

1379 3997 1495 4088 θυμίας,
1510 4001 1575 4091 ὅρον
1589 4013 1653 4077 τοῖς
1674 3983 1876 4093 προκειμένοις
1897 4003 2043 4071 ἐπιθεῖναι
2066 3991 2182 4066 σπουδά·

1379 4135 1456 4178 σατε
1478 4113 1531 4177 τὸν
1553 4113 1766 4204 προσέκοντα,
1789 4115 1871 4204 μετά
1893 4116 1998 4193 πάσης
2012 4093 2184 4202 ἐῖλικρινείαε

1379 4216 1505 4295 δηλαδὴ
1520 4227 1574 4290 καί
1587 4227 1717 4302 πίστεως
1731 4223 1931 4306 συνελθόντες,
1947 4228 2063 4318 stetim
2083 4221 2183 4288 ἐκείνω

1379 4342 1410 4400 έν
1433 4335 1532 4402 ἅπασι
1553 4336 1793 4428 πρυτανειθῆναι
1807 4347 1874 4430 ὑμῖν
1888 4361 1926 4405 τε
1949 4342 2003 4408 καί
2024 4347 2098 4404 πᾶσι
2117 4354 2181 4422 προ·

1377 4447 1519 4520 νοήσατε.
1542 4449 1727 4516 Ἀπέστειλε
1749 4451 1821 4541 πρὸς
1841 4449 1892 4528 οὓς
1913 4448 2106 4534 ἤβῡθδύθητε
2134 4453 2186 4510 τῶν

1378 4561 1558 4636 ἐπισκόπων,
1579 4563 1630 4628 ίνα
1644 4563 1890 4654 παραγενόμενοι
1904 4561 2114 4634 κοινωνήσωσιν
2127 4565 2184 4644 ὑμῖν
2260 4543 2261 4582 ³

1378 4683 1438 4739 τῶν
1453 4673 1688 4764 φροντισμάτων.
1703 4671 1889 4741 Ἀπέστειλε
1905 4675 2052 4740 Διονύσιον
2066 4677 2116 4736 τὸν
2130 4667 2185 4734 ἀπὸ

1378 4795 1541 4866 ὑπατικῶν,
1564 4785 1596 4862 θς
1617 4789 1670 4852 καὶ
1684 4785 1753 4863 τούς
1775 4788 1953 4878 ὀφείλοντας
1975 4782 2133 4877 ἀφικέσθαι
2153 4787 2188 4854 είς

1378 4901 1436 4973 τὴν
1450 4894 1571 4967 σύνοδον
1586 4900 1656 4990 μεθ’
1669 4909 1749 4991 ὑμῶν
1764 4900 1938 4990 ὑπομνήσει,
1954 4902 2009 4966 καί
2024 4909 2081 4966 τῶν
2097 4917 2186 4986 repar·

1378 5015 1524 5104 τομένων,
1546 5005 1704 5106 ἐξαιρέτοις
1726 5003 1765 5079 δέ
1783 5015 1840 5078 καί
1857 5023 1915 5090 της
1936 5003 2080 5088 εὑταξίας
2100 5003 2189 5074 κατά·

1426 5333 1503 5417 Cap.
1526 5333 1622 5404 xvii.
1648 5331 1822 5416 Eusebius,
1838 5331 1902 5402 vit
1926 5331 2043 5398 coust.
2061 5329 2111 5407 it,
2128 5342 2187 5392 riu.

1379 5445 1611 5531 Theoderitus,
1636 5447 1659 5528 i,
1685 5467 1770 5514 xxix.
1815 5475 1821 5488 ·

1428 5560 1440 5605 ¹
1455 5557 1552 5622 τοίνυν
1567 5557 1794 5644 reprobatum,
1812 5561 1828 5626 i
1844 5573 1943 5628 mauu
1960 5573 2003 5624 οι
2019 5553 2189 5623 atramento
2259 5553 2260 5603 t

1384 5671 1491 5740 iiueue
1514 5671 1747 5757 superductae.

1428 5783 1442 5829 ¹
1463 5789 1551 5874 tyre:
1573 5783 1679 5869 Prima
1701 5781 1884 5870 seipsum,
1906 5775 2065 5862 seeuudu,
2087 5771 2188 5844 neseio

1381 5913 1444 5986 ‘1¹¹¹
1467 5911 1576 5977 manu,
1598 5901 1697 5986 ὑμῶν
1719 5911 1795 5968 euru
1816 5889 2013 5966 surturibus
2034 5887 2146 5958 austu
2258 5909 2259 5944 ι
