4690 6406
1228 249 1425 296 -XPl-··

462 410 539 468 notis
552 403 689 467 editionis
701 405 870 482 llexaplaris
882 421 947 464 sum
962 413 1095 476 secutus;
1108 401 1160 462 scd
1174 402 1281 474 fateor,

462 502 539 580 quod
559 513 658 562 tamen
677 499 752 560 mihi
777 514 835 558 non
865 498 1076 568 tribuendum,
1102 497 1149 556 vix
1176 513 1281 573 paucas

462 593 670 671 Ephemeridas
689 610 736 652 me
764 608 847 668 posse
873 593 1034 669 inspicere,
1052 607 1088 648 cx
1110 589 1216 666 quibus
1235 607 1280 648 eo-

462 704 528 746 rum
558 685 667 763 judicia
697 684 770 744 mihi
802 685 995 744 innotescant.
1029 685 1059 742 Si
1090 683 1155 760 quis
1183 695 1281 742 autem

463 780 574 856 prolata
585 779 656 839 mihi
668 778 851 848 indicaverit,
865 777 1071 837 lubentissime
1082 775 1190 853 legam.
1200 777 1282 848 Quae

460 891 531 932 vero
549 884 627 933 reeta
643 873 757 944 dixisse,
775 871 820 930 vel
835 873 995 930 correxisse
1008 869 1079 930 alios
1094 870 1205 941 videro,
1219 887 1282 928 eor-

462 969 558 1044 rigam
578 967 608 1024 in
628 967 768 1042 proximo,
786 965 879 1040 quiea
892 963 1025 1042 excipiet,
1038 962 1172 1022 fasciculo
1190 973 1219 1022 et
1233 963 1283 1022 de·

461 1059 578 1120 elarabo
596 1071 759 1132 auctorem;
776 1060 804 1118 si
824 1075 898 1134 quae
918 1075 976 1116 non
997 1075 1012 1114 a
1033 1057 1163 1115 veritatis
1182 1073 1281 1116 amore

462 1153 662 1230 processerint,
675 1150 726 1210 scd
745 1149 782 1208 ab
796 1150 860 1210 aliis
878 1149 973 1209 causis
989 1148 1146 1226 repetenda
1163 1147 1281 1220 luerint,

461 1243 577 1302 silentio
596 1261 736 1319 premam,
755 1253 900 1318 quatenus
912 1259 959 1300 me
972 1244 1129 1320 attingant,
1140 1241 1223 1320 juxta
1237 1261 1281 1300 sa-

461 1341 590 1413 pientcm
610 1337 858 1396 constitutionum
875 1335 991 1413 collegii
1011 1337 1103 1396 nostri
1123 1336 1225 1412 legem.

497 1430 702 1506 heliquurn,ut
712 1429 795 1506 aequi
809 1439 839 1488 et
854 1429 930 1508 grati
943 1429 1034 1488 animi
1049 1447 1119 1506 ergo
1134 1428 1279 1508 proferam

461 1523 580 1582 nomina
600 1521 725 1593 illorum,
743 1521 794 1598 qui
813 1522 918 1582 studiis
937 1523 1009 1581 meis
1025 1533 1054 1582 et
1069 1520 1139 1582 huic
1158 1521 1279 1592 editioni

460 1617 607 1683 laverunt,
624 1631 778 1692 operumve
797 1615 893 1692 alique
912 1632 947 1674 ex
976 1623 1056 1692 parte
1083 1613 1280 1674 contulerunt.

461 1711 579 1768 Praeter
597 1710 704 1784 plures,
717 1725 788 1783 quos
803 1706 865 1785 jam
885 1707 1038 1766 nominavi
1051 1710 1203 1765 occasione
1230 1704 1280 1764 de·

460 1803 590 1862 clarandi
610 1820 684 1878 quae
704 1802 775 1860 mihi
795 1803 1024 1878 praestiterunt,
1048 1811 1110 1860 tum
1130 1800 1197 1872 bie,
1216 1809 1279 1859 tum

461 1899 490 1955 in
507 1895 570 1955 aliis
588 1896 684 1973 operis
700 1896 778 1964 locis,
795 1896 872 1954 Proi.
901 1895 1021 1956 llicbaol
1042 1896 1142 1954 Amaci
1163 1905 1279 1972 praeter

460 1990 517 2048 alia
542 1989 665 2066 plurima
690 1989 911 2048 benevolentiae
936 1989 1098 2048 testimonia
1128 2007 1175 2048 me
1200 2007 1279 2048 com·

460 2083 609 2142 innodavit
623 2081 764 2152 lleinuud,
783 2084 986 2141 Conservatori
1011 2085 1276 2160 manuscriptorum

460 2173 651 2235 Bibliothecae
675 2174 836 2250 imperialis
863 2173 1053 2244 Parisiensis,
1083 2193 1098 2232 a
1126 2191 1185 2250 quo
1214 2185 1279 2233 eta

460 2271 560 2328 lienan
579 2267 735 2337 omnibus,
752 2285 826 2344 quae
845 2266 1003 2326 desiderari
1023 2277 1159 2344 possunt,
1176 2265 1279 2326 ciliciis

459 2361 624 2420 cumulatus
644 2357 706 2431 lui,
735 2377 802 2418 cum
822 2359 937 2418 codices
953 2359 1128 2418 Parisienscs
1147 2358 1279 2418 eonsule-

460 2471 539 2526 rem·,
558 2453 726 2529 ibidemque
743 2453 868 2530 optimos
887 2463 1105 2528 expectassem
1124 2453 1212 2512 ctiam
1231 2471 1278 2512 ce·

461 2559 538 2606 teros
558 2563 628 2607 mss.
643 2548 876 2618 Consors-atores,
890 2557 920 2606 ct
934 2564 984 2606 eos
997 2546 1138 2608 libmrum
1156 2550 1279 2624 impres·

459 2657 568 2711 sarum,
587 2641 655 2700 licet
674 2640 762 2698 nimis
782 2659 913 2700 morosus
934 2641 1076 2700 nonnulla
1095 2660 1278 2718 quaererem.

459 2734 543 2806 Quod
563 2731 639 2792 idem
660 2744 777 2810 gratum
796 2743 842 2792 est
860 2732 1008 2792 declarare
1026 2735 1064 2792 de
1083 2736 1135 2806 iis,
1159 2736 1209 2812 qui
1232 2736 1279 2794 Bi·

460 2823 613 2884 bliotbecis
627 2824 778 2884 Braidensi
793 2835 823 2884 et
833 2825 922 2884 llusei
935 2827 1149 2887 Numismatum
1160 2839 1279 2886 nostrae

452 2917 542 2978 -urbis
562 2929 710 2994 praesunt,
726 2919 775 2994 qui
792 2919 852 2994 jam
872 2935 889 2976 a
908 2919 1042 2996 pluribus
1057 2925 1142 2980 annis
1157 2921 1279 2996 paratis·

459 3011 546 3070 simos
557 3027 672 3086 semper
682 3013 754 3068 meis
766 3010 892 3070 molestis
902 3013 1144 3089 postulationibus
1156 3031 1188 3072 se
1198 3031 1279 3091 prae·

459 3102 608 3174 stiterunt,
627 3120 681 3162 nee
702 3121 759 3164 non
779 3103 815 3163 de
835 3104 901 3176 illis,
919 3107 969 3182 qui
985 3105 1180 3165 bibliothecae
1193 3105 1279 3166 Athe·

461 3196 528 3255 naei
544 3197 735 3255 taurinensis
751 3207 822 3276 ιιιιιιΙ
836 3199 1000 3276 praepositi.
1017 3199 1210 3258 Doctissimus
1229 3201 1279 3259 Ca·

459 3287 539 3347 rolus
556 3288 727 3350 l'crcellone
747 3301 864 3367 praeter
886 3290 940 3350 alia
961 3301 1022 3351 tum
1042 3293 1121 3353 misit
1143 3304 1277 3369 excerpta

458 3382 555 3458 operis
575 3381 683 3452 Gralte,
702 3383 746 3440 De
764 3385 841 3442 et'tt'is
862 3385 946 3444 LXX
960 3395 1023 3457 ete,
1044 3397 1104 3444 turn
1126 3387 1207 3462 plura
1226 3385 1278 3446 do·

457 3471 517 3530 cuit
534 3471 571 3530 dc
590 3476 742 3547 Vaticano,
760 3493 847 3553 quern
866 3479 928 3552 ipse
945 3477 996 3538 diu
1016 3481 1162 3550 tractavit,
1181 3479 1279 3538 codiee

458 3563 660 3640 celeberrimo,
678 3569 784 3646 quihus
805 3581 870 3630 utar
888 3570 920 3629 in
941 3571 1166 3650 Prolcgomenis·
1185 3573 1278 3634 Etiam

458 3658 547 3719 decus
572 3661 672 3721 ltaliae
696 3671 815 3722 nostroe
839 3666 872 3720 Α.
899 3663 1029 3740 Peyron,
1057 3682 1125 3722 cum
1153 3665 1282 3725 audisset

458 3750 582 3812 editioni
596 3752 749 3832 llcxaplari
768 3773 815 3814 me
833 3773 946 3826 vacare,
963 3775 1082 3817 suarum
1102 3759 1132 3816 in
1151 3758 1280 3820 codicem

462 3855 596 3905 nostrum
620 3865 756 3907 curarum
778 3847 913 3906 notitiam
934 3865 993 3908 non
1015 3861 1134 3929 rogatus
1157 3851 1281 3928 scripsit.

1372 403 1423 462 llis
1441 419 1513 478 quos
1531 403 1573 461 rei
1592 401 1737 464 literariae
1755 401 1882 462 lautores
1897 399 2081 472 discrimen
2095 411 2208 460 exter·-

1372 496 1419 554 nis
1431 493 1612 574 adjungendi
1627 495 1753 556 lautores
1772 494 1973 572 impressionis
1989 493 2066 554 libri.
2081 493 2206 554 Nobilis

1371 588 1417 648 vir
1436 591 1470 650 ll.
1489 591 1643 662 hiarinoni,
1661 589 1912 669 orphanotrophii
1933 606 2091 666 puerorum
2109 590 2209 650 Dire-

1370 695 1442 756 etor,
1455 684 1655 744 intercedcnte
1667 684 1756 742 etiam
1770 686 1891 742 hectore
1904 685 1968 742 Sao.
1982 683 2008 742 ι.
2023 681 2207 753 Giaccbetti,

1371 779 1462 856 gratis
1481 795 1496 834 u
1514 787 1597 856 parte
1612 777 1742 838 instituti
1757 776 1831 836 duos
1851 775 1944 836 bonos
1959 775 2206 836 adolescentulos

1372 883 1508 948 typorum
1541 871 1749 948 compositores
1780 867 1992 940 commodavit,
2024 866 2205 947 hujusmodi

1370 962 1467 1022 studia
1488 961 1517 1020 in
1534 964 1626 1037 patria
1647 959 1836 1038 promovendi
1857 979 1953 1022 causa.
1967 959 2026 1020 Nec
2039 979 2091 1022 sua
2106 963 2205 1021 laude

1370 1053 1552 1115 fraudandus
1565 1055 1595 1112 li.
1609 1055 1777 1133 De·Giorgi,
1790 1053 2013 1134 Typograpbiae
2027 1056 2053 1148 Q·
2069 1055 2205 1133 Agnolli.

1371 1159 1403 1209 ιιι
1426 1150 1518 1228 ajunt,
1539 1157 1656 1225 protus,
1671 1149 1722 1224 qui
1747 1165 1809 1208 rem
1830 1151 1999 1224 pracsertim
2020 1145 2202 1206 orientalem

1371 1257 1479 1319 magno
1498 1259 1610 1312 amore,
1630 1240 1821 1318 intelligentia
1841 1251 1870 1300 et
1893 1238 2043 1318 diligentia
2063 1242 2203 1310 curavit,

1370 1349 1484 1392 summa
1503 1351 1570 1394 cum
1590 1333 1729 1412 patientia
1748 1349 1779 1392 se
1798 1342 1948 1410 praestans
1966 1334 2059 1392 anxiis
2083 1345 2113 1393 et
2137 1337 2203 1394 mi-

1370 1429 1530 1488 nutissimis
1549 1427 1779 1486 correctionibus
1799 1429 1880 1486 meis.
1899 1426 1956 1486 Sed
1975 1427 2049 1486 nihil
2069 1431 2202 1488 istorum

1369 1539 1457 1596 opera
1476 1523 1666 1599 promovisset
1686 1523 1750 1581 sina
1769 1519 1867 1582 lavore
1885 1539 1999 1594 eorum,
2014 1539 2086 1600 quos
2102 1526 2203 1582 nonai·

1370 1633 1442 1674 nare
1457 1633 1554 1693 pergo.
1567 1614 1689 1674 Multum
1705 1631 1810 1689 nempe
1825 1613 1919 1674 debeo
1932 1615 2202 1676 conservatoribus

1371 1719 1488 1768 nostrae
1506 1702 1702 1768 Bibliothecae
1721 1707 1758 1765 ab
1777 1723 1855 1766 anno
1875 1707 1945 1768 tritt
1967 1706 2004 1766 ad
2024 1709 2113 1779 tem,
2141 1712 2200 1784 qui

1370 1819 1417 1860 me
1436 1802 1530 1877 primo
1548 1803 1578 1860 io
1598 1817 1663 1860 eam
1677 1799 1868 1868 induxerunt,
1881 1797 1988 1859 deinde
2002 1799 2201 1860 libentissime

1369 1892 1571 1964 decreverunt,
1590 1904 1623 1952 ut
1640 1911 1656 1952 e
1674 1893 1795 1952 Statutis
1815 1892 2008 1952 Bibliothecae
2026 1911 2100 1970 opus
2116 1897 2201 1971 typis

1368 1995 1398 2044 et
1417 1986 1555 2062 impensis
1586 1986 1715 2064 ejusdem
1744 1985 1889 2063 prodiret3
1914 2001 2039 2062 quorum
2064 1988 2200 2064 vestigiis

1368 2079 1456 2139 etiam
1476 2097 1577 2138 eorum
1597 2081 1782 2138 Successores
1802 2079 1948 2138 insistunt.
1966 2078 2118 2152 Quomodo
2141 2079 2200 2138 de·

1368 2192 1449 2234 mum
1468 2175 1578 2252 gratias
1597 2191 1681 2252 agam
1710 2174 1886 2234 Doctoribus
1914 2170 2109 2232 Bibliothecae
2140 2191 2199 2232 nn·

1369 2279 1455 2340 strae,
1465 2269 1513 2344 qui
1525 2286 1622 2328 nucum
1635 2269 1664 2328 io
1674 2267 1799 2326 eundern
1811 2267 1978 2342 ingressum
1989 2267 2117 2344 impense
2128 2283 2200 2343 pro-

1369 2359 1688 2431 moverunt,etdeindc
1701 2379 1748 2420 mc
1759 2361 1787 2419 in
1804 2377 1891 2420 suum
1902 2357 2058 2434 Collegium
2075 2371 2198 2435 coopta-

1369 2465 1487 2524 verunt,
1506 2473 1543 2514 ex
1561 2470 1619 2529 quo
1637 2451 1745 2512 iactum
1766 2463 1798 2510 ut
1811 2451 1857 2511 his
1869 2451 1974 2512 studiis
1990 2463 2067 2512 totus
2083 2455 2198 2514 incum-

1370 2549 1489 2621 berem,
1515 2549 1623 2624 quibus
1651 2547 1738 2607 iidem
1773 2557 1911 2624 perpetuo
1929 2545 2085 2606 laverunt?
2112 2547 2199 2606 lnter

1367 2661 1440 2718 quos
1459 2642 1484 2702 ι.
1503 2641 1605 2712 llozio,
1624 2640 1762 2700 molestiis
1780 2642 1917 2702 omnibus
1937 2639 2123 2718 posthabitis,
2140 2659 2199 2701 eu·

1368 2735 1444 2794 ravit
1461 2751 1576 2811 quoque
1594 2733 1766 2812 diligenter,
1789 2751 1864 2808 quac
1889 2731 2058 2792 attinebant
2081 2733 2119 2790 ad
2144 2751 2196 2792 res

1369 2825 1601 2903 typographicam
1619 2825 1733 2898 Quibus
1756 2827 1834 2884 curis
1857 2828 1914 2886 mei
1938 2843 2024 2886 eausa
2051 2830 2198 2904 susceptis

1367 2917 1527 2978 cumulavit
1545 2917 1700 2989 benelieia,
1719 2917 1826 2994 quibus
1850 2935 1914 2978 meo
1936 2920 1998 2996 jam
2025 2938 2040 2978 a
2066 2923 2194 2996 pueritia

1367 3013 1463 3072 studia
1481 3011 1580 3072 fovere
1598 3023 1746 3088 coeperat,
1765 3011 2016 3072 intercedentibus
2035 3015 2195 3074 Dominieo

1367 3107 1510 3178 Dell'Oro,
1524 3104 1654 3166 Paroeho
1667 3123 1742 3178 meo,
1755 3116 1783 3164 ct
1794 3105 1856 3164 Soc.
1870 3106 2032 3184 Augustino
2047 3109 2196 3184 leporini,

1367 3217 1455 3276 quem
1474 3201 1645 3276 praesertim
1670 3211 1864 3277 promotorem
1891 3200 2083 3261 institutionis
2108 3219 2194 3260 mcae

1368 3311 1434 3352 sum
1455 3303 1568 3364 nectus,
1586 3305 1758 3370 cooperante
1777 3295 1865 3352 etiam
1885 3296 1947 3354 Sac.
1965 3293 2091 3370 losepho
2109 3295 2193 3354 Pelii.

1368 3388 1419 3447 llis
1441 3385 1596 3458 omuibus,
1620 3396 1650 3444 ct
1675 3385 1904 3444 Seminariorum
1931 3386 2193 3446 llediolauensium

1355 3479 1598 3540 ¹lloderatoribus
1608 3489 1637 3538 et
1646 3477 1861 3538 Prolessoribus
1873 3479 2045 3554 ceterisque,
2057 3477 2106 3555 qui
2117 3481 2194 3537 meis

1368 3570 1473 3630 studiis
1492 3581 1649 3647 utcumque
1664 3569 1809 3642 laverunt,
1822 3569 1906 3630 dulee
1921 3569 1993 3630 mihi
2006 3585 2050 3632 est
2069 3575 2195 3648 gratim,

1369 3665 1447 3740 quod
1467 3675 1581 3724 tantum
1602 3681 1735 3742 possum,
1754 3661 1800 3722 hic
1815 3681 1902 3741 agere
1921 3681 1957 3723 ex
1977 3665 2080 3725 intimo
2095 3667 2195 3733 corde,

1371 3760 1399 3818 in
1417 3775 1523 3834 cosque
1535 3756 1655 3827 referre,
1675 3757 1699 3815 si
1708 3756 1782 3842 guid
1798 3775 1937 3834 umquam
1952 3757 2021 3820 boni
2037 3777 2074 3818 ex
2086 3760 2193 3822 studiis

1370 3849 1444 3908 meis
1463 3851 1615 3927 proveniet
1633 3851 1663 3908 in
1679 3847 1848 3927 disciplinas
1867 3851 1974 3926 quibus
1994 3853 2140 3912 incumbo.

1061 4105 1312 4156 OEOBBIGBNM
1331 4105 1380 4153 m·
1399 4103 1584 4153 ADDENM

465 4175 478 4200 ’
495 4195 523 4253 ιι·
541 4213 670 4256 censione
682 4213 802 4256 svamm.
817 4201 849 4258 P.
859 4199 902 4260 to.
914 4199 946 4257 b:
961 4199 1027 4260 dele
1038 4214 1137 4263 notam
1151 4201 1187 4260 nd
1197 4219 1224 4260 v.
1233 4201 1279 4262 50.

458 4279 489 4336 P.
510 4281 554 4336 lii.
567 4297 594 4352 a,
609 4290 670 4338 not.
685 4279 761 4340 adv.
773 4281 805 4340 P:
819 4283 912 4352 Finis,
926 4299 979 4361 pru
998 4285 1196 4344 uniformitate
1211 4301 1278 4343 cum

459 4359 522 4418 aliis
539 4361 608 4418 locis
625 4361 833 4438 lepeErph'eit.
847 4365 927 4424 Pili.
943 4385 969 4438 a,
985 4379 1044 4426 not.
1060 4368 1078 4426 l.
1093 4370 1126 4429 ὃς
1145 4367 1232 4427 adde:
1247 4369 1277 4425 in

458 4432 687 4592 ᾖαῶιιιῦιοῃῗ
705 4447 794 4593 ppfflin
808 4465 990 4594 pasura,nnn
1005 4449 1278 4600 liqpctppuapnanu.

483 4577 600 4604 ..,
676 4579 725 4590 ..
782 4553 1075 4599 :›.corrren..
1136 4555 1277 4611 .,not.

459 4613 478 4672 l.
496 4615 548 4672 ult.
567 4631 658 4672 corn:
686 4615 850 4678 Theodorrt.
872 4619 901 4676 P.
917 4557 960 4678 bh.
980 4619 1009 4693 b,
1031 4633 1091 4680 not.
1112 4623 1130 4682 l.
1147 4625 1195 4682 te:
1214 4625 1277 4702 lege

455 4695 637 4770 jarerrnclitos.
657 4697 687 4754 P.
705 4698 752 4757 te.
770 4715 796 4768 a,
814 4711 872 4760 not.
892 4701 911 4761 l.
926 4705 975 4762 ts:
1001 4717 1063 4782 post
1079 4707 1160 4766 uideo
1183 4721 1279 4768 cetera

459 4775 546 4856 hujus
566 4789 653 4837 notae
671 4779 745 4839 dele.
764 4783 794 4840 P.
813 4783 857 4842 18.
878 4801 903 4854 a,
922 4799 981 4846 not.
1002 4787 1021 4844 l.
1045 4789 1094 4848 et:
1114 4790 1193 4848 verbi
1204 4807 1277 4848 corr.

458 4861 550 4928 eerti;
569 4871 598 4920 et
615 4861 632 4919 l.
651 4862 701 4920 ιιι
721 4866 806 4922 uinea
830 4883 905 4926 corr.
925 4871 1001 4930 uitis.
1021 4869 1132 4930 Addam
1153 4889 1205 4948 pro
1224 4869 1279 4931 bae

459 4951 525 4998 nota
536 4957 636 5000 rocem
656 4932 755 5022 iffi-'³
772 4944 800 5000 in
815 4944 1027 5022 significatione
1038 4951 1103 5010 uitia
1114 4953 1234 5027 reperiri
1248 4953 1278 5011 in

457 5029 643 5094 llarhebraeo
666 5033 836 5113 (Tullherg,
853 5039 886 5098 G.
896 5044 955 5097 Bor
965 5041 1089 5102 Hebraei
1105 5045 1136 5101 in
1152 5043 1278 5106 Jesnium

458 5113 586 5182 Scholia,
594 5115 705 5176 Comm.
714 5117 764 5176 lat.
774 5123 858 5194 phi,
865 5121 913 5180 sed
926 5141 994 5184 usus
1004 5125 1277 5200 auctorissoc.lllll‚

457 5201 506 5272 qui
526 5207 556 5256 et
574 5215 691 5256 carmen
708 5201 853 5261 scribebat
873 5215 900 5262 ct
916 5203 1034 5280 linguae
1049 5209 1181 5268 arabicae
1196 5211 1277 5271 sami·

457 5279 583 5340 ilaritate
601 5282 667 5340 duci
688 5295 812 5358 poterat,
829 5297 954 5346 testatur
968 5297 1030 5348 tuto
1049 5289 1086 5348 de
1106 5309 1161 5349 usu
1183 5293 1275 5352 nostri

456 5361 586 5421 codicis?
612 5363 642 5422 P.
660 5365 704 5422 ts.
723 5365 758 5436 b,
776 5376 836 5426 not.
855 5367 874 5426 l.
893 5369 942 5428 50:
969 5373 1072 5428 surrtsit
1094 5388 1170 5431 corr.
1199 5391 1276 5432 sum·

457 5455 565 5504 serunt.
584 5447 614 5504 P.
633 5447 677 5506 te.
697 5447 726 5517 b,
744 5461 804 5508 not.
818 5451 836 5508 l.
850 5451 883 5510 ll:
896 5450 988 5511 adde:
1006 5461 1032 5510 et
1046 5455 1148 5512 caelius
1160 5455 1276 5522 Euolet,

456 5525 559 5586 tamt.
586 5529 614 5586 d.
638 5529 674 5586 B.
702 5531 756 5599 W,
790 5531 825 5598 ι’,
848 5533 939 5592 bibl.
958 5533 988 5592 P.
1008 5533 1051 5592 δι’.
1070 5551 1102 5605 a,
1123 5545 1183 5594 not.
1207 5536 1227 5601 l.
1244 5539 1277 5596 2:

458 5617 520 5684 post
538 5608 653 5687 liupana
671 5609 763 5670 adde:
781 5623 805 5670 et
820 5613 955 5682 nimum,
966 5631 1039 5689 puae
1049 5617 1079 5673 ιἰι
1091 5618 1218 5689 primum
1232 5635 1276 5676 re·

458 5687 539 5755 cidit,
553 5699 644 5750 statut
657 5698 822 5754 constructi.
838 5694 867 5752 P.
876 5693 920 5754 ts.
936 5713 962 5768 a,
979 5705 1038 5755 not.
1053 5693 1070 5765 l,
1082 5697 1151 5758 era-t
1161 5719 1168 5754 ι
1180 5697 1277 5760 scribe

1369 4203 1544 4272 Kennicott;
1563 4205 1604 4262 sie
1623 4203 1698 4262 laete
1717 4213 1746 4262 et
1765 4201 1849 4272 alibi,
1868 4221 1927 4262 non
1948 4221 2065 4280 semper
2081 4215 2192 4266 tamen.

1369 4283 1398 4340 P.
1416 4283 1460 4342 tt.
1480 4301 1507 4354 ιι,
1526 4293 1584 4342 not.
1604 4283 1623 4346 l.
1636 4284 1734 4342 Phil:
1760 4283 1851 4360 Syrus
1874 4283 1977 4342 melius
2001 4288 2192 4346 concordaret

1367 4379 1433 4438 cum
1452 4365 1498 4430 ts,
1515 4365 1561 4430 96,
1578 4364 1623 4422 ιιι
1643 4382 1709 4424 cum
1727 4364 1773 4421 88.
1792 4364 1853 4422 Alia
1870 4361 1916 4422 his
1932 4365 2100 4436 minutiora,
2115 4385 2191 4444 quac

1369 4459 1427 4500 una
1444 4441 1570 4502 alterave
1583 4445 1646 4501 viee
1657 4442 1830 4502 exciderunt
1842 4445 1872 4502 in
1886 4443 1944 4502 ulla
1957 4446 2084 4520 oprimis
2093 4465 2191 4508 csent-

1368 4523 1514 4600 plaribus,
1533 4527 1562 4585 in
1582 4543 1640 4583 una
1660 4527 1895 4602 interpunctione
1914 4526 1984 4600 lere,
2004 4545 2056 4605 per
2073 4549 2105 4588 se
2123 4549 2190 4590 cor-

1367 4607 1442 4684 riget
1460 4605 1559 4667 lector.
1579 4610 1705 4668 Densum
1725 4611 1754 4668 in
1774 4608 1921 4688 farragine
1941 4614 2058 4672 testium
2078 4616 2191 4674 critico·

1367 4707 1434 4748 rum
1447 4689 1553 4749 oblitus
1566 4709 1632 4750 sum
1648 4693 1678 4750 in
1694 4691 1820 4752 'llerenis
1835 4711 1925 4770 pauca
1938 4695 2108 4772 Fragmenta
2123 4713 2191 4756 ver·

1367 4769 1457 4830 sionis
1476 4769 1584 4830 latinae
1598 4770 1677 4830 edita
1696 4791 1712 4830 a
1729 4773 1782 4830 hlei
1804 4773 1834 4832 in
1855 4777 1955 4850 Spiril.
1975 4777 2062 4846 llum,
2081 4777 2112 4834 T.
2134 4779 2191 4848 lx,

1367 4871 1442 4928 quac
1461 4853 1522 4912 scre
1540 4873 1606 4912 curn
1619 4857 1653 4914 -S.
1674 4853 1827 4914 Ambrosio
1852 4867 1880 4914 ct
1900 4855 2054 4916 Codicibus
2079 4859 2192 4918 liecen-

1368 4934 1468 5005 sionis,
1491 4953 1580 5009 qtranr
1605 4937 1731 4994 luciano
1760 4937 1807 5006 do,
1834 4949 2013 4997 consonant:
2041 4937 2190 4998 allerenda

1368 5028 1452 5075 erant
1472 5017 1508 5074 nd
1528 5017 1576 5088 lll,
1594 5017 1640 5086 tn,
1658 5017 1704 5088 aa,
1721 5019 1766 5090 50,
1785 5019 1832 5086 51,
1852 5019 1897 5090 52,
1913 5019 1960 5092 to,
1977 5021 2021 5078 ll.
2038 5021 2073 5091 V,
2091 5019 2137 5078 ll·

1363 5109 1366 5116 ’
1405 5118 1435 5175 ln
1456 5117 1669 5176 l'aoteaornms.
1688 5119 1718 5177 P.
1739 5119 1795 5190 vt,
1814 5117 1833 5178 l.
1851 5119 1935 5178 lii:
1955 5119 2086 5178 Secunda
2104 5121 2191 5178 Parte

1367 5200 1483 5276 corrige
1498 5199 1629 5258 Secundo
1650 5202 1756 5275 Capite.

1403 5291 1432 5348 hv
1443 5292 1611 5350 Fetevesrrs
1622 5311 1734 5352 trrrsrs.
1746 5294 1776 5352 P.
1787 5295 1845 5366 1.ι,
1857 5291 1909 5354 hi:
1919 5293 2007 5354 addc:
2021 5305 2047 5354 et
2056 5293 2190 5356 Tischere-

1367 5371 1466 5449 dorse
1485 5371 1546 5429 eod.
1565 5373 1712 5441 Palatino,
1733 5375 1749 5432 l.
1769 5375 1819 5434 ιιι
1844 5375 1908 5453 lege
1927 5376 2132 5452 systhemottee.
2153 5375 2190 5434 b:

1366 5452 1497 5594 ‘thil
1515 5452 1706 5596 illest
1722 5457 1816 5600 lh.
1832 5457 2126 5600 .¹'tl⁰‘t.l⁸⁵⁵tt¹¹¹
2147 5457 2189 5598 1³¹¹

1366 5555 1427 5675 duro
1441 5577 1516 5675 corr.
1532 5577 1674 5679 tituiud...
1690 5581 1867 5682 hecht-raim.
1887 5557 1953 5681 Phth.
1971 5583 2039 5694 ιιι..
2053 5624 2071 5683 5
2089 5560 2190 5684 eulina·

1367 5699 1515 5758 Praesidis
1532 5707 1742 5763 corr.Proescs.
1753 5703 1782 5762 P.
1792 5705 1838 5766 et.
1850 5705 1880 5778 b,
1895 5703 1951 5763 tt:
1963 5707 2021 5766 sive
2030 5723 2105 5766 corr.
2115 5709 2189 5764 circe.
