4690 6406
476 291 529 355 hl.
548 309 578 356 a.
640 307 716 357 eum
740 287 899 358 morietur
921 288 954 358 in
978 291 1027 359 la-

633 400 763 485 pidibus
786 401 1033 488 propterquod

637 515 683 581 sic
707 514 867 600 scriptum
890 523 942 584 est
965 524 998 585 et

632 621 1008 700 dmmwmm

631 740 716 808 bulis
741 740 821 810 caeli
846 742 887 810 de
911 743 1001 812 omni

631 853 755 920 semine
779 853 914 925 istrahel
939 871 1022 942 quo·

631 965 718 1032 niam
743 967 799 1051 qui
822 967 980 1052 polluerit

630 1085 772 1146 mortem
796 1075 957 1146 morietur

470 1155 492 1182 ”
525 1237 528 1246 .
631 1197 664 1256 n
688 1189 851 1273 lapsanas
875 1189 1032 1274 rapacan-
1142 1221 1144 1226 ,

633 1307 686 1366 tur
710 1307 742 1367 et
766 1317 834 1406 non
857 1300 919 1368 erit
943 1299 1019 1368 huic

638 1412 699 1497 legi
724 1411 799 1480 hnis
825 1413 984 1498 temporis

632 1533 665 1594 et
689 1544 754 1594 non
779 1527 842 1628 erit
866 1527 912 1595 illi
937 1527 1051 1596 remis·
1132 1559 1140 1576 ·

620 1638 680 1704 :sic
706 1645 739 1706 et
762 1640 869 1711 omnis
894 1639 1054 1726 propitia-

633 1752 678 1818 tio
702 1753 761 1821 sed
785 1762 822 1822 ut
837 1755 1002 1828 extermi-

633 1873 730 1934 netur
751 1867 852 1938 homo
877 1870 1025 1954 quicum-

632 1997 695 2063 que
720 1981 875 2064 polluerit
899 1981 999 2050 dham

632 2090 736 2174 ipsius
760 2093 792 2158 in
813 2093 927 2162 ‚medio
951 2094 1056 2162 homi-

625 2203 684 2274 nis
707 2203 843 2276 istrahel
868 2205 987 2290 quoni-

601 2305 606 2316 '
632 2331 684 2380 am
709 2314 749 2382 ab
773 2315 863 2387 omui
887 2317 1012 2387 semine
1121 2316 1125 2322 ’

633 2425 703 2492 eius
728 2426 819 2496 dedit
842 2427 997 2515 alienige-

633 2555 674 2606 na
697 2545 730 2607 et
754 2539 1005 2631 inpicegerpnt
1133 2577 1136 2587 ·

634 2653 827 2726 intaminare
851 2655 956 2726 illud.

611 2767 651 2832 at
676 2772 711 2832 tu
733 2782 867 2838 monses
891 2785 980 2836 man-

634 2878 674 2944 da
699 2877 773 2944 tiliis
798 2877 935 2966 istrahel
956 2885 1010 2948 et,
1089 2905 1092 2914 ·
1146 2937 1151 2945 .

542 3043 547 3055 .
638 2989 813 3058 testificare
837 3009 938 3077 super
961 3007 1020 3058 eos
1147 3045 1150 3056 .

633 3109 671 3170 nt
694 3119 761 3175 non
785 3103 865 3194 deut
889 3121 929 3170 en
953 3101 1082 3194 filiabus
1169 3165 1172 3172 .

633 3215 702 3282 suis
726 3201 878 3300 gentibus
903 3223 936 3284 et
959 3222 997 3284 ut
1025 3235 1089 3287 nnn

633 3329 793 3415 accipiant
816 3329 981 3404 liliissuis
1016 3397 1019 3402 ,
1076 3375 1080 3382 -
1152 3413 1154 3418 ,

633 3443 674 3511 de
698 3442 826 3512 filiabus
850 3461 966 3516 eorum
986 3459 1067 3528 quo-

514 3645 518 3654 ·
633 3557 719 3626 niam
743 3555 943 3626 abominatio
968 3563 1019 3624 est

633 3685 744 3735 coram
768 3667 905 3736 dominc
927 3675 1066 3754 propter
1153 3731 1156 3740 .

634 3781 697 3848 hoc
719 3781 835 3868 scripsi
860 3781 920 3848 tibi
943 3780 978 3848 iu
1002 3797 1070 3848 ser-

635 3893 790 3962 monibus
813 3893 895 3978 legis
920 3891 1030 3964 omnis

634 4024 806 4076 sermones
830 4023 972 4092 operum

636 4118 858 4204 sychimorum
878 4135 974 4204 quae·
986 4119 1031 4215 le

637 4239 753 4300 cemnt
777 4232 852 4300 dine
873 4240 907 4300 et
930 4249 1046 4324 quem-

636 4346 816 4416 admodum
838 4347 939 4414 locuti
964 4353 1042 4414 sunt

633 4459 691 4526 iiiii
714 4457 808 4526 iacob
832 4457 981 4528 dicentes

637 4588 703 4638 non
727 4569 878 4641 dabimus
903 4568 1002 4638 liliam

637 4690 785 4770 nostram
808 4682 934 4752 homini
959 4682 1015 4768 nui

637 4799 736 4866 habet
759 4798 969 4884 praeputium

639 4909 855 4996 obprobrium
878 4909 967 4979 enim

639 5029 689 5090 est
713 5022 813 5096 nobis.
833 5027 866 5088 ot
890 5021 1013 5106 obpro-

639 5136 757 5204 brium.
770 5132 904 5202 istrahel
928 5133 987 5218 qui

602 5227 608 5239 ⁸
639 5249 718 5316 dant
741 5248 811 5316 siue
836 5245 1000 5332 accipiunt

638 5379 656 5428 a
681 5360 811 5441 filiabus
834 5359 982 5446 gentbrm
1007 5377 1107 5444 prop-

643 5481 693 5542 ter
716 5474 807 5560 qnod
829 5471 998 5546 abomina-
1070 5513 1073 5521 *
1164 5535 1167 5542 .

640 5591 686 5657 tio
710 5597 761 5658 est
784 5595 818 5656 et
840 5588 1034 5660 inmunditia
1097 5631 1101 5664 2

1250 113 1428 176 ,36-

1358 293 1411 357 89..
1429 309 1459 356 c.
1512 291 1545 358 in
1571 291 1659 360 omni
1683 290 1817 360 istrahel
1841 298 1875 360 et

1517 421 1592 482 nun
1608 403 1822 472 mundabitur
1845 403 1889 471 is-

1519 515 1622 584 trahel
1646 515 1687 584 ab
1711 516 1882 584 abomina-

1518 630 1607 696 tione
1631 627 1694 696 ista
1718 629 1746 698 si
1770 629 1870 698 luerit

1517 742 1563 810 illi
1586 740 1706 810 mulier
1728 743 1771 813 de
1795 744 1950 827 gentibus

1512 863 1545 922 et
1569 871 1635 922 non
1660 854 1910 924 mundabimus

1512 969 1553 1035 de
1577 967 1707 1034 hliabus
1731 967 1857 1036 nostris
1886 985 1957 1036 om-

1512 1080 1608 1148 nibus
1632 1080 1787 1164 gentihus
1812 1080 1967 1166 quoniam

1512 1191 1606 1276 plaga
1631 1208 1733 1275 super
1755 1191 1884 1276 plagam

1513 1308 1564 1369 est
1586 1308 1618 1369 et
1642 1302 1856 1372 maledictum

1512 1433 1613 1500 super
1636 1415 1850 1484 maledictum

1513 1534 1545 1593 et
1570 1527 1679 1596 omnia
1703 1528 1823 1598 iudicia
1848 1530 1916 1616 pla·
1966 1581 1968 1588 ,

1513 1657 1628 1724 garum
1652 1647 1685 1708 et
1708 1641 1864 1711 maledic·

1513 1755 1558 1822 tiu
1582 1754 1854 1824 maledictionum

1512 1867 1690 1936 aduenient
1714 1885 1817 1953 super

1512 1979 1604 2048 illum
1628 1979 1724 2049 laciet
1748 1998 1878 2048 sermo-

1511 2109 1588 2158 nem
1612 2091 1713 2160 istum
1732 2099 1766 2160 et
1790 2093 1819 2161 si
1843 2111 1937 2178 prae-

1513 2205 1639 2272 terierit
1662 2214 1695 2274 et
1719 2205 1841 2293 despe-

1511 2317 1595 2412 nerit
1620 2317 1742 2386 taciens
1767 2318 1849 2386 abn-

1510 2429 1699 2498 minatiunls
1723 2437 1756 2498 et
1780 2431 1889 2517 pollu

1511 2540 1574 2611 erit
1597 2543 1831 2612 sanctificatio-

1513 2669 1589 2718 nem
1613 2652 1665 2720 dei
1690 2655 1804 2740 etqui
1828 2655 1937 2739 pollu-

1518 2772 1578 2832 unt
1602 2783 1724 2834 nomen
1748 2775 1900 2836 sanctum
1927 2769 1999 2836 eius

1518 2877 1718 2946 iudicabitur
1741 2885 1811 2946 tuta

1425 3042 1430 3054 .
1518 2989 1612 3074 plebs
1638 2991 1735 3058 simul
1761 2991 1803 3058 de
1826 3007 1899 3060 om-

1515 3103 1612 3172 nibus
1637 3103 1938 3174 abominationibus

1515 3216 1613 3284 huius
1637 3224 1671 3284 et
1694 3235 1761 3287 nou
1786 3219 1849 3287 erit
1873 3227 1922 3288 ut·

1514 3329 1652 3414 accipiat
1675 3347 1853 3415 personam

1515 3450 1638 3510 elnon
1663 3441 1877 3528 aecipielsa-
2012 3485 2017 3494 -

1515 3555 1675 3624 orificium
1698 3562 1732 3623 et
1756 3555 1906 3625 olocaus-

1516 3675 1639 3735 tomata
1663 3685 1773 3752 neque
1791 3667 1908 3738 odora-

1516 3779 1606 3846 uitur
1628 3780 1732 3848 odore
1755 3779 1865 3848 suaui-
1912 3857 1922 3868 ·

1517 3893 1593 3960 tatis
1617 3891 1786 3977 suscipere
1810 3891 1858 3976 ip

1517 4007 1580 4074 sud
1603 4012 1637 4074 et
1660 4006 1724 4074 erit
1746 4006 1781 4074 in
1804 4005 1899 4074 istm-

1518 4119 1572 4187 hel
1596 4118 1703 4186 omnis
1727 4117 1833 4188 humo
1852 4118 1897 4186 si·

1517 4249 1559 4300 ue
1583 4229 1702 4298 mulier
1725 4231 1877 4316 polhreus

1518 4343 1796 4414 sanctificationes

1518 4464 1656 4542 propter
1679 4459 1771 4543 quod
1792 4475 1884 4528 maa-

1518 4567 1594 4636 daui
1618 4568 1677 4636 tibi
1700 4569 1815 4638 dicem
1838 4577 1908 4638 tes-

1520 4688 1589 4750 tare
1613 4681 1822 4750 testificatio-

1518 4811 1560 4862 ne
1584 4793 1647 4861 ista
1671 4794 1704 4860 in
1727 4793 1865 4872 istrahel

1518 4914 1551 4975 et
1574 4905 1651 4974 uide
1674 4905 1899 4992 quid-lactum

1518 5019 1561 5086 sit
1580 5018 1744 5104 sychimis·
1757 5025 1791 5086 et
1814 5017 1890 5086 liliis

1517 5133 1621 5218 ipsius
1646 5131 1814 5216 quomodo
1839 5137 1902 5198 tra-

1517 5243 1576 5312 diti
1600 5250 1679 5311 sunt
1701 5243 1735 5310 in
1758 5260 1857 5316 maru

1517 5355 1688 5426 huminum
1704 5357 1856 5427 adonin

1518 5467 1611 5536 iacob
1635 5474 1669 5535 et
1693 5468 1885 5538 umidarum

1519 5581 1594 5650 illos
1617 5581 1650 5649 in
1675 5580 1796 5653 iudicio
1819 5587 1852 5648 ut
1908 5609 1911 5616 ·
2040 5607 2046 5621 ·
