4594 6452
1066 271 1070 280 ⁴
1155 223 1157 230 ’
1227 249 1428 322 -ιιι-

462 400 601 469 πτόντων
616 410 656 480 είς
670 401 747 476 τλν9
767 403 821 470 τόν
836 403 878 470 τά
893 401 998 470 πάντα
1015 403 1134 500 ι’ίριστσν
1150 399 1281 470 ώασιλία

463 525 688 582 Κωνσταντῦνον
702 519 882 608 παρβησίαν,
897 509 1064 584 δυσωποῦσι
1077 517 1131 584 τὸν
1150 511 1281 608 πρεσβύ-

462 650 547 716 τερον
570 635 679 700 ἐκεῖνον
690 629 755 695 ’τὸν
778 630 862 694 κατά
877 625 1002 720 Ἀρειον,
1026 622 1175 720 ἄρξασθαι
1191 630 1282 694 αὑτὸν
1301 647 1306 658 ·

464 739 576 816 εἰςτὰς
597 741 669 831 ὑπὲρ
685 739 798 832 Ἀρείου
813 742 886 832 πρὸς
902 742 955 807 τὸν
970 735 1102 812 βασιλέα
1116 741 1283 832 παρακλη-

463 875 531 927 σεις,
555 854 607 918 καὶ
630 845 757 928 ἀξιῶσαι
781 855 873 918 αὐτόν
894 863 954 920 τῶν
977 859 1070 920 αὐτοῦ
1092 851 1204 941 όίσων,
1228 877 1283 919 συ-

464 975 574 1036 στῆναι
597 969 680 1048 αύτῷ
711 957 873 1056 δυνάμενον
902 967 956 1032 καί
986 958 1082 1043 δείξαι
1104 967 1147 1030 τά
1169 975 1229 1032 τῶν
1252 973 1283 1032 ἐν

463 1079 577 1160 Νικαία
602 1081 695 1168 ἁγίων
719 1079 856 1168 πατέρων
879 1081 1072 1168 φρονοῦντα.ι
1093 1060 1133 1144 ‘0
1157 1071 1192 1144 δέ
1214 1101 1282 1170 πρε·

359 1190 367 1200 ’
465 1183 613 1280 σόύτερος,
627 1183 716 1267 ἐἴξας
731 1203 799 1266 ταῖς
820 1193 962 1275 Εῦσεβίου
983 1194 1037 1258 καί
1053 1195 1195 1284 Θεσγνίου
1217 1216 1282 1258 πα-

465 1302 656 1391 ρακλήσεσιν,
681 1303 811 1393 ἄρχεται
826 1314 886 1369 τῶν
907 1304 980 1395 ὑπὲρ
1003 1301 1115 1395 Ἀρείου
1137 1303 1209 1394 πρὸς
1230 1304 1283 1369 τὸν

466 1409 597 1480 όασιλέα
613 1416 721 1506 λόγων,
736 1423 775 1491 ὡς
797 1423 832 1481 ἐκ
855 1417 1013 1507 προσώπου
1027 1427 1087 1482 τῶν
1110 1415 1282 1507 προρρηθὲν·

464 1551 525 1593 των
547 1527 589 1592 τιί
620 1532 753 1592 πλεῖστα
784 1529 889 1620 λέγων·
913 1531 960 1594 ότι
992 1539 1076 1618 πᾶσι
1097 1541 1174 1630 τοῖς.
1188 1535 1219 1594 ὲν
1241 1539 1282 1616 τῇ

463 1630 577 1720 συνόδῳ
613 1639 800 1704 συντίθεσθαι
835 1641 926 1706 αὑτὸν
960 1641 1126 1731 φάσκουσι,
1156 1643 1209 1706 καί
1241 1651 1295 1727 τῇ.

464 1759 560 1818 ἐκεῖσε
591 1751 793 1841 έκφωνηθείσῃ
825 1755 925 1820 πίστει
955 1753 1141 1845 ἀρέσκεσθαι.
1170 1764 1219 1836 Τῷ
1249 1747 1284 1820 δέ

465 1857 596 1928 ώασιλεῖἐ
609 1855 679 1940 ξένα
703 1867 903 1955 κατεφαίνετο
925 1865 968 1930 τὰ
998 1867 1065 1956 περί
1094 1875 1149 1932 τσῦ
1171 1862 1283 1956 Ἀρείου

464 1977 548 2067 παρά
564 1987 618 2042 τοῦ
632 1971 830 2068 πρεσόυτίρου
845 1978 1005 2070 λεγόμενα.
1023 1988 1118 2044 Τοῦτο
1141 1971 1176 2044 δὲ
1190 1979 1284 2044 ἐποίει

464 2091 515 2156 ἐπὶ
529 2092 677 2164 πλείστας
691 2091 813 2181 ἡμέρας,
827 2101 918 2156 τοῦτο
933 2091 988 2180 μέν
1003 2092 1076 2156 κατ’
1089 2075 1177 2168 ίδίαν,
1191 2102 1283 2156 τοῦτο

463 2196 498 2265 δὲ
521 2203 574 2266 καὶ
589 2200 736 2290 παρόντος
749 2201 792 2266 τά
814 2208 947 2268 πλεῖστα
963 2196 1104 2268 Εύσεώίσυ
1119 2212 1173 2268 τοῦ
1195 2212 1284 2268 Νικο·

457 2304 793 2404 μηδείας·.συχνότερσν
808 2313 867 2406 γάρ
883 2314 974 2380 αὐτόν
997 2323 1014 2379 ό
1037 2307 1177 2390 βασιλεὺς
1195 2337 1283 2405 μετε-

464 2427 612 2515 πέμπετο·
625 2432 659 2490 οῦ
674 2425 732 2516 γάρ
749 2426 900 2515 ἐμέμνητο
915 2435 975 2490 τῶν
989 2426 1090 2492 πάλαι
1105 2428 1178 2490 κατ’
1190 2433 1283 2516 αὐτοῦ

463 2541 521 2606 ῦπὸ
543 2549 597 2602 τοῦ
620 2540 745 2621 ἀσεβοῦς
767 2531 909 2603 Εῦσεθίου
923 2538 1032 2604 τούτου
1048 2529 1282 2629 δραματουργη-

463 2652 572 2717 θέντων
587 2658 604 2714 ό
627 2650 813 2724 πιστότατος
828 2643 975 2726 θασιλεύς.
993 2660 1037 2736 Τῇ
1053 2652 1150 2715 τοίνυν
1173 2657 1281 2739 εῦτεχ-

462 2767 512 2846 νίᾳ
522 2771 582 2828 τῶν
597 2767 770 2833 ἀπατηλῶν
785 2769 877 2828 αὑτοῦ
892 2762 1019 2854 λόγωνό
1034 2757 1173 2837 Εύσίόιος
1187 2762 1282 2828 πείθει

324 2895 331 2908 ’
463 2869 514 2941 διά
529 2897 566 2940 τε
580 2885 635 2940 τοῦ
649 2868 848 2965 πρεσόυτέρου
863 2876 915 2940 καί
932 2866 972 2939 δι’
984 2883 1094 2940 ἐαυτοῦ
1108 2875 1161 2940 τὸν
1177 2881 1281 2965 φιλαν·

463 2989 658 3080 θρωπότατον
673 2989 726 3052 καί
740 2986 966 3053 ἐπιεικέστατον
982 2981 1112 3052 βασιλέα
1132 2986 1283 3058 κληθῆναι

462 3106 602 3165 κελεῦσαι
617 3101 690 3190 παρ’
703 3097 794 3164 αύτόν
808 3099 861 3164 τὸν
876 3097 1000 3189 Ἀρειον,
1021 3091 1284 3188 διαθεόαιούμενος

463 3211 592 3278 ἐλθόντα
616 3212 707 3277 αύτόν
730 3219 770 3288 είς
792 3211 948 3302 πρόσωπον
963 3220 1018 3275 τοῦ
1040 3211 1176 3294 εὐσεβοῦς
1195 3205 1281 3276 βασι-

463 3325 537 3400 λέως
559 3325 785 3390 Κωνσταντίνσυ
809 3315 996 3388 συντίθεσθαι
1019 3324 1072 3387 καί
1095 3322 1187 3387 αὐτόν
1206 3332 1282 3388 πᾶσι

462 3437 587 3514 τούτοις,
609 3431 651 3511 σίς
673 3437 726 3501 καί
747 3443 768 3506 ’λ
791 3426 911 3510 σύνοδος
933 3436 986 3500 καὶ
1000 3427 1198 3524 ημείς,’φησί,
1212 3458 1281 3500 συν-

388 3633 392 3645 ,
458 3548 599 3640 εθέμιθα.
620 3546 759 3614 Ἀπιστα
781 3549 1005 3636 καταφαίνεται
1026 3557 1128 3612 ταῦτα
1151 3557 1196 3638 τῷ
1226 3549 1285 3630 βα·

463 3667 560 3740 σιλεῖ,
583 3662 657 3726 ἀλλ’
672 3661 731 3728 ῦπθ
753 3671 810 3735 τῆς
831 3659 997 3750 προσούσης
1019 3666 1103 3741 αὐτῷ
1123 3657 1284 3748 ,θεοφιλοῦς

464 3776 623 3849 ἐπιεικείας
645 3775 697 3839 καί
720 3783 776 3850 τῆς
798 3774 865 3863 περί
880 3782 940 3837 τῶν
963 3777 1129 3842 ἐκκλησιῶν
1144 3773 1282 3860 ὁμονοίας

463 3877 597 3962 σπουδῆς
623 3886 816 3976 ἡττημένος,
838 3893 877 3960 ῶς
908 3883 995 3975 ίιρεύς
1022 3885 1067 3954 είη
1099 3884 1281 3962 πιστεύσας,

464 3988 543 4062 τάδε
565 3997 622 4087 έφη
645 3997 717 4088 πρός
732 3997 848 4073 αίιεσύς
872 4003 907 4062 Et
921 3993 1037 4086 Ἀρειος
1055 3993 1226 4060 συντίθεται
1240 4005 1281 4082 τῇ

463 4100 592 4190 συνόδῳ,
614 4110 667 4182 καί
690 4107 811 4184 ἀληθῶς
832 4107 875 4174 τά
897 4111 1010 4182 ἐκείνης
1033 4119 1142 4198 φρονεῖν
1165 4107 1294 4185 ἕλοιτο,

391 4253 401 4260 -
464 4212 591 4309 δέξομαί
612 4243 649 4286 τε
672 4221 763 4286 αύτδν
787 4229 827 4296 είς
849 4220 1027 4310 πρόσωπον,
1050 4221 1104 4284 καί
1132 4219 1184 4284 σύν
1206 4229 1280 4308 τιμῇ

464 4323 608 4422 ἐκπέμψω
628 4340 669 4408 είς
683 4324 920 4428 Ἀλεξάνδρειαν.
938 4341 1045 4396 Ταῦτα
1059 4331 1095 4397 τέ
1118 4332 1214 4422 ἔλεγε,
1229 4329 1282 4396 ιώιέ

464 4441 516 4510 διά
539 4445 729 4538 γραμμάτων
744 4445 966 4536 μετάπεμπτον
989 4443 1081 4509 αύτόν
1103 4444 1205 4508 έπίτό
1227 4465 1281 4508 κο-

463 4559 593 4650 μιτάτσν
615 4557 754 4650 γενέσθαι
777 4557 938 4623 ἐκέλευσεν.
961 4553 1000 4620 '0
1022 4531 1059 4622 δὲ
1081 4553 1206 4647 Ἀρειος,
1221 4565 1281 4622 τῶν

462 4681 517 4738 ’τοῦ
540 4667 687 4746 ώασιλέως
701 4661 835 4746 ἀξιωθείς
849 4671 1046 4761 γραμμάτων,
1062 4663 1145 4743 αὖθις
1167 4667 1282 4758 φθάσαι

463 4785 519 4856 τὴν
550 4783 865 4850 Κωνσταντινούπολιν
896 4782 1030 4850 έσποοσε.
1055 4791 1216 4871 Συμπαρῆν
1247 4771 1283 4846 δέ

425 4909 429 4916 “
464 4907 548 4981 αὐτῷ
564 4901 623 4988 καί
638 4891 774 4974 Εῦζώίος,
789 4895 821 4961 όν
843 4894 895 4960 σθν
918 4901 1001 4976 αύτῷ
1016 4892 1187 4960 καθεῖλενό
1207 4891 1282 4968 θεῖος

461 5001 658 5102 Ἀλέξανδρος
679 5018 696 5076 ό
718 5019 775 5086 τῆς
801 5008 885 5075 κατά
908 4997 1137 5097 Ἀλεξάνδρειαν
1171 5010 1282 5076 ἐκκλη-

461 5128 530 5201 σίας
561 5101 730 5199 ἐπίσκσπος.
754 5119 951 5212 Ἀναφέρεται
981 5111 1065 5191 δῆτα
1088 5119 1139 5184 ἐπὶ
1160 5118 1213 5184 τὸν
1235 5123 1282 5183 εύ-

427 5241 432 5248 '
463 5235 538 5311 σεβῆ
563 5231 696 5303 βασιλέα
720 5229 772 5301 διὰ
794 5243 849 5300 τοῦ
867 5225 1070 5325 πρεσβυτέρου
1092 5238 1127 5297 ἐκ
1149 5223 1282 5304 σπουδῆς

507 5457 522 5502 ⁰
546 5451 778 5540 supplendum
800 5449 872 5540 πρὸς
894 5466 935 5518 ex
959 5453 1127 5516 contextu.

508 5569 710 5649 ιὅσοιιιῑυσ,
734 5567 759 5648 1,
784 5585 854 5644 xxv,
880 5579 983 5647 seqq„
1007 5561 1224 5642 sozomenus,
1240 5559 1280 5641 11,

410 5660 414 5669 Ι
463 5701 538 5764 xm,
554 5676 866 5764 Nicephorus,v111,
883 5694 962 5756 xuv,
978 5693 1070 5755 εινιι,
1087 5691 1189 5754 ιιινιιι,
1205 5668 1282 5738 Βοί-

461 5797 560 5880 ῶουι,
572 5795 597 5874 ἐ,
615 5813 655 5860 ιι.
670 5793 826 5860 ceterum
842 5786 878 5856 in
891 5785 957 5855 fine
968 5785 1048 5854 falsa
1063 5784 1149 5852 veris
1164 5781 1281 5852 miscet

460 5917 577 5996 noster
592 5923 676 5994 quae
693 5910 850 5976 excutere
865 5917 933 5970 non
950 5905 1001 5968 est
1017 5895 1116 5984 hujus
1132 5893 1206 5965 loci.

1372 415 1431 472 τῶν
1454 403 1521 494 περί
1543 394 1684 468 Εύσέθιον
1706 401 1758 468 τόν
1782 393 1958 492 Νικομηδέα
1981 411 2120 494 παρεῖναι
2139 403 2190 470 τόν

1370 515 1496 608 Ἀρειον
1514 515 1644 606 Δέχεται
1659 509 1709 580 οὖν
1732 515 1823 581 αὐτὸν
1846 515 1898 579 σὺν
1920 507 2039 598 Εῦζωίφ
2061 524 2102 591 είς
2116 519 2189 598 πρό-

1372 651 1482 706 σωπον,
1496 629 1551 694 καί
1565 607 1777 694 διεπυνθάνετο
1801 629 1875 718 παρ’
1891 634 1989 694 αὐτῶν
2012 637 2029 694 ὁ
2045 621 2192 706 θασιλεὺς,

1373 749 1398 808 εί
1412 752 1453 829 τῇ
1470 749 1500 807 ἐν
1515 753 1555 828 τῇ
1579 741 1714 807 Νικαέων
1729 740 1814 832 παρά
1829 751 1889 806 τῶν
1903 743 2079 832 τριακοσίων
2102 743 2193 832 ἁγίων

1373 852 1511 943 πατέρων
1541 851 1695 940 ἐκτεθείσῃ
1727 855 1827 918 πίστει
1857 852 2051 918 συντίθενται.
2082 851 2123 916 ’0
2162 849 2194 918 δέ

1371 966 1487 1057 Ἀρεισς
1501 967 1656 1056 ἐνωμότως
1670 967 1774 1057 ἐλεγεν
1789 965 1881 1040 οὓτως
1895 967 1944 1030 οἰεί
1962 965 2195 1031 πεπιστευκέναι

1373 1080 1425 1145 καὶ
1455 1078 1623 1157 πιστεύειν,
1647 1077 1747 1153 καθώς
1776 1079 1829 1143 καὶ
1851 1086 1879 1142 σί
1909 1083 1940 1142 ἐν
1970 1079 2084 1159 Νικαίᾳ
2113 1075 2194 1168 ἅγιοι

1372 1192 1483 1281 ἡμῶνῖ
1499 1190 1636 1280 πατέρες,
1651 1191 1704 1255 καί
1720 1189 1833 1264 πάντες
1848 1179 1926 1255 δέοι
1949 1189 2000 1254 σύν
2015 1197 2087 1278 ἡμῖν
2102 1189 2196 1263 σῦτως

1373 1303 1568 1370 πιστεύουσιν.
1591 1300 1705 1394 Ἔλεγε
1728 1294 1763 1368 δὲ
1786 1301 1855 1377 τοὺς
1881 1303 1948 1391 περὶ
1978 1295 2120 1368 Εύσέόιον
2145 1302 2195 1366 τόν

1373 1407 1549 1504 Νικομηδέα
1584 1416 1636 1479 καὶ
1660 1415 1804 1507 Θεόγνιον
1831 1415 1883 1480 τόν
1919 1421 2014 1489 αὐτῆς
2046 1417 2195 1490 Νικαίας,

1333 1517 1337 1526 ’
1372 1523 1473 1616 ὥσπερ
1494 1533 1627 1616 εύσρκῶν,
1651 1527 1723 1616 πρὸς
1745 1525 1871 1596 ἀπάτην
1886 1527 1940 1590 καί
1961 1525 2056 1592 πειθώ
2070 1535 2129 1602 της
2143 1535 2196 1590 τοῦ

1373 1640 1566 1729 φιλοχρίστου
1596 1631 1745 1713 βασιλέως
1776 1637 1961 1713 ἁπλότητος.
1985 1647 2093 1702 Ταῦτα
2127 1644 2195 1702 ἐνει-

1373 1751 1472 1841 ρςίτως
1493 1760 1547 1815 τοῦ
1570 1748 1682 1840 Ἀρείου
1717 1749 1872 1828 εἰπόντος,
1899 1757 1940 1826 είς
1972 1749 2115 1816 ἔκστασιν
2138 1751 2190 1814 τὸν

1373 1861 1606 1951 θεοφιλέστατον
1629 1863 1682 1927 καί
1708 1861 1936 1928 ἐπιεικέστατον
1959 1855 2090 1928 ὅασιλία
2113 1864 2194 1954 ἥγε-

1372 1999 1434 2067 γεν,
1449 1975 1528 2040 ώστε
1551 1974 1642 2040 αὐτόν
1658 1973 1742 2051 εῦθύς
1762 1977 1816 2040 καί
1838 1985 2031 2066 παραχρῆμα
2052 1982 2092 2052 είς
2107 1973 2193 2040 Ἀλε-

1372 2079 1539 2177 ξάνδρειαν
1551 2087 1632 2176 μετά
1647 2097 1738 2177 τιμης
1752 2087 1906 2176 ἐκπέμψαι
1921 2087 1974 2152 τὸν
1989 2085 2113 2178 Ἀρειον.
2131 2099 2195 2152 Κα-

1372 2201 1555 2284 ταλαβόντα
1578 2196 1627 2266 οὖν
1651 2200 1742 2266 αὐτὸν
1765 2201 1823 2270 τὴν
1839 2191 2069 2290 Ἀλεξάνδρειαν
2093 2201 2193 2265 όέπί-

1372 2309 1484 2389 σκοπός
1505 2321 1559 2378 σῦκ
1581 2307 1708 2404 ἐδέχετο
1732 2313 1841 2391 αύτόν,
1864 2323 2075 2404 παρορμῶντος
2104 2313 2192 2378 αύτὸν

1372 2424 1560 2491 Ἀθανασίσυ·
1591 2433 1630 2501 ώς
1663 2435 1754 2515 μῦσος
1786 2425 1846 2517 γάρ
1882 2427 1973 2492 αὐτόν
2006 2417 2191 2515 ἐξετρέπετσ.

1373 2537 1450 2603 Τότε
1480 2532 1520 2609 δὴ
1551 2549 1579 2603 σί
1609 2540 1675 2628 περί
1709 2537 1849 2620 Εύσέβιον
1880 2537 1967 2602 αῦτσί
1995 2537 2032 2603 τέ
2064 2539 2191 2628 ἔγραφον

1371 2651 1444 2741 ῦπίρ
1465 2649 1588 2742 Ἀρείου,
1610 2653 1663 2716 καὶ
1686 2650 1739 2716 τόν
1763 2651 1894 2732 βασιλέα
1916 2651 2039 2742 γράφειν
2053 2631 2188 2719 ’ἐπιπλη-

1372 2763 1551 2852 κτοιώτερον
1573 2755 1763 2854 Ἀλεξάνδρου
1796 2749 1850 2831 καί
1877 2760 2049 2846 Ἀθανασίφ
2082 2785 2190 2852 παρεσ-

1373 2870 1508 2951 κεύαζον.
1524 2873 1703 2950 Ἀθανάσιος
1717 2875 1772 2964 μέν
1794 2870 1844 2940 οὖν
1866 2875 1969 2946 πάντη
1985 2875 2023 2940 τό
2046 2865 2188 2950 δέξασθαι

1371 2987 1487 3078 Ἀρειον
1509 2988 1562 3052 καί
1584 2987 1726 3063 τσθςσύν
1750 2993 1833 3069 αὐτῷ
1856 2987 2042 3077 ἀπηγόρευε,
2065 2987 2188 3052 καὶτὸν

1373 3100 1504 3198 βασρλέα
1536 3099 1659 3192 γράφων
1691 3099 1744 3164 σύν
1766 3109 1811 3182 τῶ
1834 3100 1989 3182 ἑπισκόπῳ
2010 3091 2187 3170 ἐδίδασκεν.

1372 3205 1522 3280 ἀδύνατον
1545 3209 1620 3278 εἶναι
1642 3212 1763 3303 λέγων,
1788 3211 1857 3287 τοὺς
1889 3204 1975 3289 άπαξ
2005 3213 2063 3282 τὴν
2092 3213 2187 3276 πίστιν

1373 3324 1589 3401 ἀθετήσαντας·
1608 3327 1661 3390 καί
1683 3324 1742 3390 ὑπὸ
1763 3324 1917 3399 τοσαύτης
1948 3325 2040 3416 σίγίας
2069 3315 2186 3390 συνόδου

1372 3440 1425 3504 καί
1454 3449 1512 3512 τῆς
1552 3448 1608 3513 σῆς
1642 3435 1794 3526 θεοφιλοῦς
1828 3439 1980 3519 εὐσεβείας
2010 3435 2186 3526 ἀναθεματι·

1371 3551 1497 3624 σθένιας
1520 3551 1572 3614 καί
1595 3545 1834 3638 κατακριθέντας
1856 3543 1938 3625 αὖθις
1959 3540 1993 3624 ἐξ
2014 3553 2186 3638 ἐπιστροφῆς

1371 3659 1668 3754 προσλαμβάνεσθαι.
1686 3661 1762 3726 Τότε
1784 3654 1957 3736 όόασιλεὺς
1978 3655 2092 3750 θερέως
2105 3667 2183 3748 ἐνεγ-

1369 3778 1446 3870 ιιών,
1469 3776 1521 3840 καί
1544 3782 1583 3851 είς
1605 3775 1695 3866 ὀργὴν
1717 3773 1776 3839 ὑπὸ
1798 3784 1858 3838 τῶν
1881 3775 1947 3864 περὶ
1976 3773 2030 3838 τόν
2053 3765 2182 3838 Εῦσέέισν

1371 3891 1423 3958 τόν
1439 3879 1615 3978 Νικομηδέα
1638 3885 1764 3962 κινηθείς
1783 3879 1861 3952 τάδε
1875 3883 2048 3968 Ἀθανασίφ
2069 3885 2182 3976 γράφειν

1370 4003 1544 4075 ἠπείλησεν.

1761 4199 1807 4252 ΙΔ.

1372 4379 1502 4436 ΜΕΡΟΣ
1516 4379 1591 4435 ΤΗΣ
1608 4377 1711 4434 ΠΡΟΣ
1726 4373 1954 4433 ΑΘΑΝΑΣΙΟΝ
1968 4369 2179 4431 ΕΠΙΣΤΟΔΗΣ

1418 4491 1496 4548 ΤΟΥ
1518 4489 1716 4547 ΒΑΣΙΛΕΩΣ.

1416 4661 1520 4754 Ἐχων
1542 4664 1647 4758 τοίνυν.
1661 4671 1718 4736 τῆς
1739 4665 1814 4748 έμῦς
1837 4659 1947 4742 βουλῆς
1969 4657 2007 4723 τὸ
2029 4655 2180 4748 γνώρισμα,

1371 4787 1447 4844 πᾶσι
1470 4785 1531 4850 τοῖς
1554 4773 1742 4864 βουλομένοις
1763 4779 1804 4848 είς
1824 4772 1882 4842 τὴν
1905 4771 2069 4842 ἐκκλησίαν
2094 4769 2181 4832 εἰσελ-

1371 4887 1430 4954 θεέν
1453 4885 1608 4952 ἀκώλυτον
1632 4885 1775 4976 πάραοχε
1796 4882 1854 4954 τὴν
1884 4875 2006 4948 είσσδσν.
2029 4879 2101 4946 Ἐάν
2125 4876 2178 4968 γάρ

1373 5009 1454 5093 γνῶ,
1476 5007 1515 5076 ῶς
1545 4998 1719 5072 κεκώλυκας
1740 4995 1823 5071 τινάς
1850 5003 1906 5069 τῆς
1935 4977 2178 5063 ἐκκλησιαστικλς

1373 5112 1644 5204 μεταποιουμένους
1665 5113 1803 5188 πίστεως,
1824 5108 1844 5182 ἢ
1872 5099 2015 5198 ἀπεῖρξας
2036 5107 2103 5182 τοὺς
2122 5127 2177 5168 τοι·

1373 5225 1476 5302 σύτους
1498 5235 1554 5300 της
1574 5215 1707 5302 είσόδου,
1737 5225 1901 5300 ἀποστελῶ
1921 5229 2111 5310 παραχρῆμα
2131 5216 2178 5280 τὸν

1417 5432 1538 5520 ’.ηριιν
1570 5427 1719 5498 additum
1745 5425 1808 5496 ruit
1836 5423 1870 5492 in
1892 5423 2042 5509 margine
2071 5417 2179 5492 seriori

1371 5563 1495 5742 ωᾶθέρ.
1511 5655 1591 5724 le.
1623 5643 1966 5736 s.Atha1'1asii0pera
1988 5647 2066 5718 edit.
2084 5647 2178 5716 ῶοοι.

1372 5781 1452 5844 tom.
1475 5773 1500 5855 1,
1525 5785 1599 5856 pag.
1626 5769 1702 5852 178,
1726 5767 1891 5846 Socrates,
1915 5765 1939 5844 1,
1965 5781 2059 5846 xxm,
2083 5759 2179 5828 sozo-

1371 5903 1488 5958 menus
1512 5885 1644 5968 ΙΙ,-ιιιι.
