4690 6406
157 439 213 502 uu.
227 455 257 500 α.
313 433 443 504 consilii
468 432 540 504 aius
563 440 597 504 et
619 434 727 522 indig-

158 549 259 615 xtit'i
317 547 450 615 nabitur
473 553 506 616 et
530 547 681 636 indigua-

318 659 409 726 bitur
431 657 593 737 aduersus
616 677 670 728 me

318 779 352 840 et
376 772 530 840 inducam
554 791 615 858 ego
640 791 695 842 su-

317 901 378 970 per
400 901 455 952 me
478 883 693 954 maledictum

318 1003 351 1064 et
373 1012 441 1066 non
465 995 668 1066 benedictio-

319 1124 395 1174 nem
417 1109 459 1174 Et
483 1107 565 1176 dixit
589 1106 636 1175 ilii

318 1219 453 1288 rebecca
478 1226 584 1290 mater
607 1237 666 1288 sua

317 1333 350 1400 in
374 1350 427 1400 me
451 1331 663 1404 maledictum

316 1453 411 1514 tuum
434 1447 511 1514 nate
534 1449 664 1516 tautum

317 1559 437 1628 obaudi
461 1577 580 1630 uocem
603 1577 711 1631 meam

316 1677 349 1737 et
373 1670 544 1738 obaudiuit
568 1671 662 1742 iacob

315 1799 434 1850 uocem
456 1782 571 1850 matris
595 1801 675 1854 suae

316 1894 472 1964 rebeccae
489 1902 523 1963 et
545 1895 626 1964 abiit

316 2013 349 2074 et
372 2007 500 2092 accepit
523 2007 606 2076 duos
633 2007 688 2074 be-

315 2119 376 2186 dbs
400 2136 572 2208 caprarum
587 2123 690 2188 'tene-

317 2247 372 2300 ros
397 2237 430 2300 et
454 2232 620 2300 bunos'et
643 2231 701 2300 ad·

317 2340 391 2408 tulit
414 2359 472 2409 eus
496 2343 592 2410 matri
616 2345 695 2410 suae

316 2460 349 2520 et
373 2451 450 2520 iecit
473 2453 549 2520 iilos
572 2459 678 2520 mater

316 2563 387 2632 eius
410 2564 502 2632 cibos
526 2563 612 2631 sicut
635 2562 694 2634 de·

316 2675 489 2744 siderabat·
515 2679 555 2744 Et
579 2693 673 2746 acce-

317 2787 364 2872 pit
387 2787 524 2856 rebecca
548 2794 659 2856 uestes

316 2915 394 2966 esau
419 2897 476 2966 titii
499 2898 551 2966 sui
576 2899 687 2968 senio·
749 2991 751 2997 Α

317 3035 370 3086 res
393 3016 535 3102 optimas
559 3035 642 3103 quae

235 3175 241 3186 -
317 3134 410 3196 eraut
433 3145 509 3196 cum
533 3128 603 3213 ipsa
627 3129 660 3196 in
686 3130 746 3196 do-

315 3257 370 3308 mo
394 3247 427 3308 et
451 3240 557 3309 induit
580 3259 645 3338 eas,
660 3241 709 3309 ia-

316 3351 377 3419 cob
400 3352 505 3420 tilium
528 3369 625 3420 suum
650 3353 701 3420 iu-

316 3462 442 3531 niorem
466 3469 500 3531 et
523 3463 626 3549 peiles

315 3573 476 3644 bedorum
499 3573 682 3642 circumde-

315 3684 372 3760 dit,
385 3701 488 3770 super
509 3685 640 3754 bracbia

315 3795 386 3862 eius
409 3805 443 3864 et
466 3795 622 3864 humeros
647 3805 680 3864 et

315 3909 542 3994 superandas
566 3910 670 3976 cerui-

316 4037 369 4088 ces
392 4021 423 4088 ei
447 4021 631 4090 obtendidit
654 4023 696 4089 ci-

315 4133 375 4202 bos
398 4151 483 4222 quus
506 4133 582 4202 iecit
606 4140 639 4201 et
662 4151 718 4218 pa-

317 4263 374 4318 nes
397 4246 430 4313 in
454 4246 604 4315 manibus
625 4247 718 4314 iacob

316 4357 371 4424 tilii
394 4357 454 4426 sui·
479 4361 521 4425 Et
542 4357 657 4424 introi-

318 4469 366 4538 uit
389 4469 482 4538 iacob
503 4471 544 4539 ad
568 4479 695 4556 patrem

317 4599 413 4650 suum
437 4589 471 4650 et
494 4581 575 4650 dixit
599 4601 660 4668 ego

318 4711 391 4764 sum
414 4697 501 4766 tilius
524 4705 600 4766 tuus
623 4699 668 4766 ie-

318 4807 346 4874 ci
370 4811 657 4894 quemammodum

316 4921 427 4989 dixisti
448 4921 529 4990 mihi
553 4941 674 5009 exurge

317 5033 691 5104 mmmmm

317 5145 358 5212 de
381 5145 557 5214 uenatione
580 5165 651 5215 mea

317 5266 411 5342 pater
433 5267 469 5328 ut
492 5261 663 5330 benedicat

318 5389 371 5440 rue
393 5372 500 5440 anima
523 5381 578 5442 tua

296 5483 337 5550 Et
359 5481 441 5551 dixit
463 5483 529 5554 isac
553 5485 593 5552 ad
618 5485 677 5552 titi-

318 5611 373 5663 um
396 5613 494 5664 suum
518 5595 597 5682 quid
620 5605 670 5665 est

319 5707 380 5778 boc
402 5711 703 5798 quodadceterasri

919 258 1098 330 ..31-

1043 439 1090 503 79.
1110 457 1130 503 a
1199 439 1348 507 inuenire
1373 445 1449 508 nate
1537 451 1541 460 '

1176 553 1216 618 Et
1241 550 1322 624 dixit
1345 551 1439 622 iacob
1463 543 1553 639 quod

1197 663 1316 730 direxit
1340 662 1494 732 domiuus
1518 665 1600 734 deus
1625 673 1701 734 tuus

1198 774 1230 839 in
1255 783 1437 860 conspectu
1460 794 1535 845 meo

1175 890 1215 953 Et
1239 886 1320 954 dixit
1343 887 1384 956 ad
1407 888 1502 974 iilum
1524 889 1592 960 isac

1197 999 1388 1084 adproximet
1411 1001 1491 1070 mibi
1515 1005 1550 1072 et

1197 1112 1338 1196 palpabo
1362 1120 1395 1182 te
1419 1121 1495 1184 nate
1519 1117 1547 1184 si

1200 1233 1235 1292 tu
1261 1243 1297 1294 es
1321 1225 1408 1294 silius
1432 1243 1526 1296 meus
1551 1246 1630 1297 esau

1175 1339 1215 1404 Et
1239 1337 1479 1423 adproximauit
1503 1339 1547 1406 ia-

1197 1450 1258 1516 cob
1284 1449 1324 1516 ad
1349 1447 1416 1518 isac
1439 1456 1567 1535 patrem
1595 1527 1599 1534 ,

1196 1576 1294 1627 suum
1318 1567 1352 1627 et
1375 1560 1522 1646 palpabit
1546 1577 1621 1630 eutu

1198 1677 1230 1738 et
1255 1670 1336 1738 dixit
1359 1689 1426 1738 uox
1450 1672 1584 1766 quidem

1193 1799 1258 1850 xcx
1282 1783 1375 1852 iacob
1399 1801 1517 1852 manus
1541 1803 1600 1852 au-

1196 1904 1263 1962 tem
1287 1914 1404 1964 manus
1428 1913 1517 1966 esau·

1174 2009 1212 2073 ut
1236 2025 1302 2074 nun
1327 2007 1484 2092 cognouit
1507 2025 1584 2096 eum

1194 2117 1349 2203 quoniam
1374 2117 1504 2186 auersio

1195 2237 1264 2298 erat
1288 2229 1329 2297 de
1354 2230 1445 2298 eaelo
1469 2221 1574 2298 traus-

1194 2343 1280 2410 terre
1303 2341 1457 2427 spiritum
1481 2342 1553 2410 eius

1194 2461 1227 2520 et
1251 2471 1318 2522 non
1342 2451 1499 2538 cognouit

1193 2570 1349 2654 quoniam
1373 2575 1466 2638 erant
1489 2586 1556 2636 tua-

1192 2698 1255 2748 nus
1279 2681 1350 2748 eius
1374 2681 1459 2748 sicut
1484 2697 1555 2748 ma·
1643 2665 1646 2672 ’

1192 2811 1254 2860 nus
1277 2810 1356 2861 esau
1379 2793 1489 2860 fratris
1513 2791 1565 2860 sui

1193 2904 1306 2989 pilosa·
1331 2907 1373 2972 Et
1395 2904 1533 2972 benedi·

1191 3014 1239 3082 xit
1262 3031 1339 3083 eum
1363 3021 1396 3083 et
1420 3015 1501 3084 dixit
1526 3023 1561 3084 tu
1586 3035 1621 3084 es

1090 3130 1116 3194 b.
1189 3127 1276 3196 silius
1300 3145 1395 3196 meus
1419 3145 1498 3198 esau

1169 3240 1209 3305 Et
1233 3238 1315 3308 dixit
1337 3239 1431 3310 iacob
1456 3257 1517 3326 ego
1542 3242 1580 3308 sr-

1191 3350 1254 3417 iius
1280 3357 1356 3418 tuus
1380 3369 1454 3418 sum

1167 3464 1208 3528 Et
1231 3461 1312 3530 dixit
1336 3462 1403 3530 isac
1426 3463 1525 3530 ndens

1190 3573 1268 3640 inibi
1293 3581 1326 3640 et
1348 3573 1553 3642 manducabo

1191 3685 1231 3752 de
1255 3685 1431 3753 uenatione
1455 3691 1511 3752 tua

1191 3805 1266 3866 nate
1289 3806 1326 3866 ut
1348 3798 1521 3868 benedicat

1191 3917 1223 3978 te
1247 3911 1354 3978 anima
1376 3927 1459 3978 mea·

1168 4023 1575 4092 fflmffldmmu

1189 4133 1322 4202 ducauit
1345 4141 1378 4204 et
1401 4133 1512 4202 intulit

1189 4245 1235 4312 iiii
1258 4245 1373 4314 uiuum
1396 4251 1429 4314 et
1452 4245 1533 4314 bibit

1167 4361 1207 4425 Et
1231 4358 1313 4426 dixit
1336 4359 1377 4427 ad
1401 4375 1476 4426 eum
1501 4357 1568 4426 isan
1613 4357 1617 4368 '

1191 4477 1284 4556 pater
1306 4469 1410 4560 ipsius
1435 4469 1555 4556 adpro·

1191 4587 1276 4654 xima
1301 4591 1333 4654 te
1357 4585 1436 4654 mibi
1462 4591 1495 4654 et
1519 4602 1614 4652 oscu-

1188 4695 1567 4764 mmmmm

1189 4807 1386 4892 proximauit
1410 4815 1442 4875 et
1468 4823 1519 4874 os-

1188 4921 1315 4990 culatus
1339 4927 1390 4990 est
1413 4935 1489 4988 eum
1562 4963 1565 4970 ι

1190 5039 1223 5100 et
1246 5031 1404 5102 odoratus
1426 5039 1478 5100 est
1501 5029 1583 5098 odn-

1190 5161 1260 5212 rem
1282 5143 1496 5212 uestimento-

1190 5274 1263 5324 rum
1287 5255 1359 5324 eius
1383 5262 1416 5324 et
1440 5255 1538 5324 bene-

1191 5367 1271 5436 dixit
1294 5381 1371 5434 eum
1394 5371 1428 5434 et
1451 5366 1532 5434 dixit

1168 5485 1252 5550 Ecce
1276 5481 1360 5548 odor
1383 5479 1440 5548 dlii
1464 5479 1528 5546 mei

1192 5593 1277 5662 sicut
1300 5593 1384 5662 udor
1407 5593 1476 5677 agri
1501 5593 1570 5676 pie·

1193 5707 1225 5773 ni
1250 5723 1348 5792 quem
1370 5703 1539 5773 benedixit

1086 5791 1094 5818 ¹
1195 5797 1334 5868 deuset
1356 5795 1413 5864 det
1434 5794 1493 5863 tibi
