4690 6406
819 384 1182 534 rnrunnurun
1216 433 1498 535 uvluuuuu
1533 437 1571 537 s.
1604 435 1771 536 lucra

425 647 604 820 {vil-¹23?
632 691 770 761 Remitte
793 693 840 762 illi
865 692 891 778 si
917 691 1042 777 septies

449 1517 469 1580 ὅ

449 1785 470 1848 6

450 2597 468 2660 7

629 828 661 895 ln
686 827 739 896 die
763 829 951 915 peccauerit
974 830 1007 896 in
1030 837 1062 898 te

629 974 664 1036 et
686 967 739 1036 bic
763 969 888 1053 septies
912 985 1052 1036 conuer-

629 1121 687 1170 sus
710 1101 810 1170 luerit
834 1102 876 1170 ad
901 1109 933 1170 te
957 1101 1073 1170 dicens

629 1236 847 1323 penitentiam
872 1254 933 1320 ago
958 1253 1012 1302 re-

630 1374 725 1441 mitte
750 1371 797 1439 illi

608 1513 650 1576 Et
674 1507 828 1576 dixerunt
852 1505 997 1592 apostoli

540 1653 543 1660 '
631 1643 767 1712 domino
792 1641 917 1726 adauge
942 1639 1039 1708 nobis

631 1781 731 1848 tidem
755 1778 837 1847 dixit
860 1785 972 1846 autern

630 1916 786 1986 dominus
810 1916 837 1983 si
862 1904 1029 1984 haberetis
1055 1915 1094 1982 fl-

630 2051 707 2119 dem
731 2058 899 2137 tamquam
923 2069 997 2136 gra-

631 2204 712 2254 num
736 2185 861 2270 sinapis
886 2185 1016 2253 dicere-

527 2409 537 2428 ·
631 2322 673 2390 tis
698 2321 809 2388 arbori
834 2319 1002 2388 eradicare

631 2465 664 2528 et
689 2455 882 2524 obaudisset
905 2454 1022 2539 utique

608 2592 688 2674 Quis
712 2597 823 2658 autem
847 2597 999 2658 uestrum

630 2728 756 2796 babens
780 2744 916 2796 seruum
939 2745 1035 2794 aran-

631 2869 699 2930 tem
723 2868 779 2928 aut
804 2878 886 2929 oues
911 2879 1052 2946 pascen-

536 3029 540 3038 ·
632 3004 700 3064 tem
724 2997 872 3066 uenienti
895 2998 937 3066 de
961 3015 1043 3084 agro

632 3132 793 3219 numquid
816 3133 904 3202 dicet
927 3133 958 3201 ei
983 3140 1075 3202 tran-

548 3269 1060 3340 .mmfflmmm

630 3541 672 3609 be
696 3541 756 3609 sed
780 3541 868 3608 dicet
892 3541 936 3628 ei)
962 3559 1040 3626 para
1109 3569 1115 3582 ·
1249 3543 1252 3550 “

635 3675 724 3762 quod
749 3693 865 3744 cenem
890 3683 923 3744 et
947 3694 1043 3760 prae-

633 3813 760 3880 cinctus
784 3812 935 3882 ministra

582 3927 597 3952 ⁰
633 3941 721 4016 mibi
739 3951 846 4016 donec
870 3947 1011 4015 mandu-

633 4106 705 4156 cem
730 4094 763 4156 et
786 4087 898 4156 bibam
922 4094 956 4154 et
980 4105 1056 4172 pos-

469 4263 500 4292 ·.
538 4279 545 4291 .
633 4233 684 4294 tea
709 4223 923 4293 manducabis
948 4230 983 4291 tu

634 4367 668 4428 et
691 4359 785 4428 bibes
810 4358 972 4444 numquid
997 4377 1069 4444 gra-

636 4494 697 4562 tias
721 4502 796 4580 aget
820 4511 919 4562 seruo
944 4511 1029 4579 quo-

637 4631 724 4698 niam
756 4629 832 4698 lecit
855 4647 939 4716 quae
963 4647 1060 4714 prae·

636 4773 730 4850 cepta
754 4773 832 4834 sunt
855 4781 922 4832 non
947 4771 1028 4852 puto

637 4901 684 4968 sic
708 4907 741 4968 et
765 4919 827 4969 uos
852 4919 927 4970 cum
949 4901 1064 4970 leceri-

637 5036 679 5104 tis
702 5011 787 5122 uiuae
811 5042 1019 5120 praeceptas

635 5169 744 5238 dicitis
768 5169 857 5237 serui
881 5186 988 5254 nequa
1013 5188 1069 5236 su-

636 5323 710 5374 mus
734 5306 824 5392 quod
849 5305 1024 5374 debuimus

637 5447 743 5514 lacere
768 5445 906 5514 fecimus
931 5451 964 5512 et
987 5425 1053 5510 lac-

639 5587 708 5648 tum
732 5585 784 5647 est
808 5597 883 5647 cum
909 5579 971 5647 iret
996 5579 1027 5644 in
1053 5579 1104 5644 ln-

637 5715 803 5784 erusalem
827 5723 860 5784 et
884 5717 955 5802 lpse
980 5722 1071 5781 tran-

638 5852 744 5922 siebat
767 5867 828 5937 per
851 5851 997 5920 medium
1019 5869 1072 5918 sa·

1546 698 1666 767 mariae
1690 703 1724 766 et
1748 697 1884 784 galileae
1908 705 1941 766 et

1547 831 1671 900 hierico
1696 839 1730 900 et
1752 831 1879 902 intrans
1903 807 1937 902 in

1546 965 1690 1052 quodam
1715 969 1852 1037 castello
1876 977 1911 1038 et
1931 988 1984 1038 ee

1547 1118 1584 1168 ce
1608 1119 1658 1168 ·x·
1682 1101 1745 1170 uiri
1769 1103 1893 1188 leprosi
1916 1111 2018 1172 stete

1547 1243 1625 1304 runt
1648 1255 1666 1304 a
1691 1237 1789 1322 longe
1813 1245 1847 1306 et
1870 1239 2005 1307 leuaue-

1547 1379 1625 1439 runt
1648 1389 1767 1440 uocem
1791 1375 1940 1444 dicentes

1546 1505 1619 1576 iesu
1642 1515 1840 1594 praeceptor
1863 1510 2002 1578 misere-

1545 1661 1581 1710 re
1605 1643 1701 1712 nobis
1726 1661 1810 1730 quos
1835 1661 1911 1712 curn
1935 1645 1986 1714 ul-

1545 1780 1649 1848 disset
1673 1781 1718 1848 ait
1742 1780 1807 1848 illis
1831 1781 1876 1849 ite
1900 1789 1935 1850 et
1959 1799 2012 1848 os-

1496 1953 1499 1958 ·
1538 1914 1671 1982 'tendite
1695 1933 1757 1983 uos
1781 1915 1965 1984 sacerdoti-

1544 2049 1607 2116 bus
1631 2057 1664 2117 et
1688 2049 1810 2117 lactum
1834 2057 1885 2118 est
1910 2050 1990 2119 dum

1545 2185 1632 2254 irent
1646 2184 1805 2276 ,mundati
1830 2191 1909 2253 sunt

1547 2337 1633 2387 unus
1658 2325 1768 2388 autem
1792 2336 1834 2386 ex
1857 2319 1910 2386 bis

1399 2475 1414 2519 ·.
1455 2506 1463 2520 .
1546 2455 1633 2524 Uidit
1657 2453 1732 2540 quia
1757 2461 1891 2522 curatus
1916 2461 1967 2522 est

1547 2609 1703 2659 reuersus
1727 2597 1779 2658 est
1802 2607 1879 2657 cum
1903 2606 1963 2656 uo-

1547 2745 1585 2794 ce
1607 2742 1725 2810 magna
1749 2724 1887 2792 bonori-

1546 2861 1648 2930 bcans
1672 2861 1772 2930 deum
1796 2868 1829 2930 et
1853 2859 1972 2928 cecidit

1510 3087 1512 3092 Ι
1545 2999 1578 3066 in
1603 2998 1719 3066 taciem
1743 3004 1820 3065 ante
1844 2996 1947 3083 pedes

1546 3133 1618 3202 eius
1642 3135 1763 3220 gratias
1787 3152 1899 3221 agens,

1546 3277 1579 3339 et
1603 3271 1657 3338 lric
1680 3277 1750 3338 erat
1774 3270 1928 3338 samarita

1523 3405 1740 3494 Respondeas
1764 3413 1875 3474 autem

1547 3541 1636 3610 iesus
1660 3541 1705 3609 ait
1729 3540 1834 3609 trinu·
1860 3542 1999 3609 munda-

1549 3678 1572 3746 ti
1597 3683 1675 3746 sunt
1700 3676 1792 3744 ·uiiii·
1819 3693 1861 3744 ex
1884 3675 1936 3742 bis
1960 3677 2017 3742 ubi

1548 3821 1626 3880 sunt
1650 3831 1717 3882 non
1741 3821 1793 3881 est
1818 3813 1932 3880 inuen-

1551 3959 1604 4020 tus
1629 3935 1685 4038 qui
1708 3957 1935 4020 reuerteretur

1548 4087 1711 4154 bonorem
1735 4067 1813 4153 darc
1838 4083 1901 4152 deo
1927 4085 1978 4150 ni-

1544 4222 1577 4289 si
1602 4221 1654 4288 bic
1677 4221 1859 4306 alienigena
1884 4183 1926 4286 εἷ
1942 4177 1994 4286 ait¹

1548 4354 1613 4422 illis
1632 4355 1722 4422 iesus
1745 4371 1910 4439 exurgens
1935 4373 1994 4420 ua-

1549 4493 1590 4560 de
1614 4490 1690 4577 quia
1714 4491 1797 4560 fides
1821 4498 1877 4558 tua
1901 4499 1933 4558 te
1959 4492 2025 4556 sat-

1549 4648 1630 4698 uum
1653 4629 1730 4697 lecit
1753 4628 1894 4699 interro·

1549 4772 1644 4850 gatus
1667 4771 1820 4832 autema
1844 4763 1955 4850 plaeri-

1550 4902 1616 4970 seis
1641 4901 1772 4988 quando
1796 4902 1927 4970 ueniret

1549 5011 1688 5122 regnum
1712 5036 1766 5106 dei
1790 5053 1866 5106 cum
1891 5035 1951 5102 ob-

1414 5241 1417 5248 ,
1550 5171 1740 5239 seruatione
1764 5187 1872 5256 neque
1898 5169 1947 5236 dl-

1551 5315 1630 5375 cunt
1653 5324 1729 5375 ecce
1754 5305 1807 5374 bic
1831 5305 1885 5372 uel
1909 5304 1975 5372 illir

1550 5461 1627 5512 ecce
1651 5443 1739 5511 enim
1763 5460 1902 5528 regnum

1550 5579 1603 5648 dei
1628 5579 1713 5646 intra
1736 5595 1799 5644 uos
1823 5587 1875 5644 est
1898 5577 1941 5642 ait

1549 5721 1660 5782 autem
1684 5714 1725 5782 ad
1749 5712 1930 5800 discipulos

1550 5849 1687 5918 uenient
1709 5849 1781 5918 dies
1806 5865 1887 5917 cum·
