4706 6420
1249 213 1430 279 -U-

349 399 445 522 titt
471 367 658 492 906196
688 347 970 504 &Sel-»3³
992 358 1059 456 85
1088 354 1291 488 8136566667
1383 393 1512 498 ιαμ)
1531 379 1657 504 μοι).
1684 337 1863 513 02:503
1880 373 1946 474 bal
1970 352 2108 476 uades
2128 395 2200 499 ,ρο
2233 432 2257 472 a

360 513 387 555 ¹·
406 507 436 554 '⁰
472 577 506 644 ·:·
553 579 585 642 ·:·
617 549 740 648 esa
771 548 946 677 tmpus
969 523 1087 680 ¹tolo
1118 546 1291 668 ,asa

906 778 1048 870 616666
1076 777 1153 870 nal

469 1149 486 1198 6
504 1131 585 1199 cod.
604 1129 746 1200 colbert.
769 1137 911 1200 sumtam
923 1131 1149 1214 hlontlauoon,
1174 1127 1207 1199 in
1223 1141 1291 1202 not.

469 1243 509 1313 ad
525 1243 557 1312 h.
578 1243 600 1312 l.
618 1243 651 1312 in
663 1245 812 1332 Henopl,
829 1245 1006 1314 lectionem
1020 1247 1206 1331 Symmachi
1223 1264 1289 1316 non

469 1363 558 1426 recte
582 1355 761 1426 arbitratus
778 1364 828 1426 est
834 1383 843 1438 ;
869 1375 945 1426 eum
961 1366 1071 1426 tamen
1089 1367 1224 1428 secutus
1241 1365 1292 1427 est
1343 1383 1347 1392 ·

470 1471 672 1540 Schleusner
695 1470 728 1538 in
752 1473 885 1559 depost,
903 1473 978 1555 ΧΠ,
996 1473 1050 1541 tt).
1075 1475 1160 1542 hum
1180 1473 1214 1540 in
1232 1473 1293 1542 Go-

470 1585 547 1654 dico
568 1583 759 1652 colbertino
783 1585 1001 1654 hmauueusis
1018 1587 1177 1672 deceptus
1194 1601 1291 1672 repe-

470 1697 587 1766 titione
604 1697 746 1766 nomiuis
760 1698 944 1784 Symmachi
962 1705 995 1768 et
1011 1698 1160 1782 lectioni,
1186 1705 1218 1766 et
1238 1715 1293 1765 ex-

470 1808 637 1896 plicationi
655 1809 726 1898 ejus
744 1810 938 1898 praepositi,
956 1811 996 1880 ab
1013 1829 1080 1880 uuo
1097 1811 1138 1880 ad
1152 1811 1292 1880 alterum

470 1924 580 1992 locum
593 1923 787 1992 transilivit?
807 1923 902 2005 Quod
915 1924 1013 1992 liebr.
1032 1941 1147 1992 vocem
1164 1923 1291 2007 attinet,

469 2055 487 2106 6
511 2053 613 2106 sensu
637 2052 704 2104 uon
728 2035 890 2105 abludunt
907 2042 977 2104 tum
994 2035 1080 2104 Edit.
1098 2038 1203 2120 Rom,
1221 2043 1292 2104 tum

470 2149 572 2234 Syrus
597 2155 630 2216 et
655 2149 886 2236 Symmachus,
911 2147 970 2218 sed
995 2149 1105 2218 nullus
1131 2149 1239 2218 reddit
1256 2149 1293 2217 li-

469 2261 626 2331 tonaliter.

515 2397 596 2468 lbid.
612 2401 845 2488 otptpoopttt·
856 2400 1056 2490 otptpoetdt
1073 2416 1149 2466 eum
1165 2401 1224 2480 883
1241 2399 1291 2468 vel

469 2483 659 2598 ἡσυχασει
683 2529 758 2581 eum
775 2515 830 2596 ae,
847 2514 901 2596 66,
921 2515 975 2596 aa,
992 2516 1047 2597 66,
1065 2515 1120 2596 oa,
1137 2516 1192 2596 66,
1212 2514 1292 2600 roo,

470 2627 550 2706 231,
568 2644 596 2708 6,
614 2598 708 2687 αλλ.
728 2625 800 2694 inb'
811 2681 820 2710 ,
838 2627 925 2714 Orig.
942 2625 976 2695 in
994 2630 1062 2697 Cat.
1076 2626 1198 2695 Ghisl.:
1217 2615 1295 2693 coo-

470 2739 618 2810 seutiunt
642 2740 751 2828 quoad
775 2757 953 2827 personam
970 2742 1069 2810 llebr.
1092 2748 1124 2809 et
1143 2742 1293 2826 Symma-

470 2854 568 2938 chus,
593 2853 693 2923 modo
719 2851 855 2934 allatus3
880 2853 1018 2940 propius
1036 2853 1203 2922 Hebraeae
1223 2851 1295 2920 6661

469 2939 676 3054 η’συχασει.

515 3123 544 3172 v.
562 3107 616 3172 oo.
641 3073 713 3187 ἕως
734 3075 838 3168 od-
854 3073 924 3188 ἕως
940 3070 1078 3174 oricum
1092 3105 1294 3188 6666666,

469 3227 570 3306 prout
594 3219 684 3290 dedit
707 3221 785 3304 Mai,
808 3220 888 3290 edit.
913 3221 1021 3290 Holm.
1047 3227 1080 3288 et
1104 3218 1223 3288 ceteris
1248 3225 1295 3288 te-

470 3331 577 3403 stibus
601 3352 641 3402 aa
658 3333 790 3404 silentio
808 3333 982 3417 itemesti,
999 3331 1191 3416 Tischero,
1218 3333 1293 3414 CM,

470 3448 575 3530 Arm,
599 3447 669 3529 hr.;
694 3447 754 3518 sod
777 3465 899 3534 purum
930 3463 1121 3516 aemorum
1143 3445 1293 3532 sphalma

466 3567 627 3646 ‚typorum
650 3561 780 3632 videtur
802 3561 901 3632 lectio
926 3563 1018 3632 hom.
1043 3559 1122 3630 edit.

515 3713 545 3764 r.
570 3698 625 3764 66.
650 3671 873 3797 επιφυλλιει
889 3733 933 3748 -
953 3699 1060 3785 span.-
1091 3695 1193 3764 6666
1218 3695 1293 3763 ant-

470 3823 556 3874 mam
568 3827 686 3892 meam,
703 3812 754 3880 vel
772 3811 936 3896 pressius,
950 3810 1137 3898 6666666116
1150 3810 1295 3876 animum

467 3921 651 3992 6666661.
677 3923 798 3993 Psalm.
824 3925 971 4007 cxxiii,
996 3928 1035 4004 5,
1061 3925 1120 4010 hq.
1147 3931 1180 3992 et
1204 3925 1293 4009 Sym.

470 4033 504 4099 iu
529 4039 642 4101 nostra
665 4035 817 4106 vemione
841 4037 985 4122 Syriaca,
1011 4035 1048 4105 et'
1067 4035 1205 4106 eosdem
1228 4053 1294 4104 uua

471 4161 547 4214 cum
571 4146 802 4218 Theodotione
834 4148 867 4216 in
890 4149 1120 4233 Moutlauoon,
1144 4149 1293 4236 Heeopt,

470 4266 504 4327 et
528 4262 564 4328 P.
588 4260 667 4330 ibid.
684 4263 721 4329 lu
738 4263 860 4330 catena
875 4262 1031 4332 Ghislerii
1044 4261 1176 4347 melius,
1195 4277 1293 4348 quam

471 4373 505 4440 in
529 4373 615 4442 Edit.
635 4375 728 4444 hom.
745 4375 778 4444 iu
794 4375 897 4460 uotis,
922 4376 1003 4444 haec
1017 4371 1119 4446 habet
1135 4374 1293 4460 origenes

473 4487 513 4556 ad
537 4485 569 4555 h.
586 4487 619 4554 t:
645 4489 890 4552 κατακοπτει
904 4491 981 4580 pop
1058 4490 1112 4551 τα
1127 4461 1294 4572 δακρυα,

472 4575 660 4696 καθαπερ
688 4577 863 4694 eparchon
891 4493 1051 4714 6666681ῑὲ
1075 4603 1293 4694 τρυφητης·

471 4713 579 4777 κατα
602 4688 646 4782 de
661 4715 891 4806 'ooppuxon
921 4719 986 4780 ore
1013 4717 1295 4780 xorerroarwuo

471 4833 519 4917 με
537 4833 592 4892 τα
614 4801 781 4926 despue,
802 4833 852 4938 τῃ
871 4833 947 4894 των
965 4835 1004 4894 εν
1026 4799 1143 4896 ddum
1167 4831 1296 4921 anepo-

472 4948 588 5031 μενων
605 4947 829 5045 μεταφορᾳ.
850 4947 898 5014 Do
914 4961 980 5032 quo
997 4943 1071 5014 loco
1088 4942 1293 5029 Symmachi,

474 5074 573 5144 6666
589 5075 650 5127 ceu
674 5059 746 5145 eius
763 5058 940 5128 lectionem
955 5057 1049 5128 dedit
1064 5057 1293 5139 hlontlaueon,

473 5180 581 5257 recte,
606 5173 634 5242 si
658 5173 736 5261 quid
759 5173 873 5258 video,
899 5172 1058 5243 dubitarit
1082 5172 1294 5254 schleusner,

471 5287 610 5382 liopert,
628 5289 702 5368 xli,
730 5289 783 5370 tl,
801 5305 880 5355 oum
905 5286 1017 5372 potius
1040 5285 1294 5373 explicationem

474 5397 625 5466 lectionis
641 5399 791 5486 ejusdem
808 5399 992 5469 exhiberet:
1018 5399 1142 5468 etenim
1166 5405 1237 5467 tum
1253 5415 1294 5467 ex

474 5510 616 5578 lectione
639 5512 744 5580 nostri
762 5513 907 5596 Codicis,
933 5520 1004 5582 tum
1025 5531 1043 5582 e
1061 5519 1218 5582 contextu
1242 5513 1294 5598 (in

474 5637 540 5706 quo
564 5639 632 5690 non
655 5623 754 5692 lectio
771 5626 870 5708 billi,
896 5625 955 5693 sed
979 5627 1130 5713 eiusdem
1155 5627 1297 5712 explica-

446 5736 535 5816 ·tio,
561 5742 597 5803 ut
620 5743 772 5823 apparet,
804 5737 975 5824 affertur),
1006 5739 1176 5822 euidenter
1201 5737 1294 5806 oolli-

474 5851 563 5936 gitur
571 5857 767 5938 excerptum
779 5849 904 5919 Scholii
917 5851 1066 5936 origenis
1083 5866 1145 5956 nos
1161 5851 1294 5932 habere,

1381 551 1505 654 teSo
1536 563 1640 660 6»
1673 565 1819 662 400⁴
1848 555 2049 676 61696»
2081 558 2205 690 bart0

1546 811 1568 858 ·:·
1588 787 1705 876 ...kap
1731 785 1869 879 laza&
1896 799 2011 876 Lea&
2037 801 2163 861 ...667

1678 932 1919 1042 6319996661
1945 943 2081 1040 196619
2101 968 2125 1014 ·:·
2152 957 2167 1002 ⁸

1385 1139 1453 1208 lere
1477 1137 1663 1222 divinando,
1687 1138 1738 1206 vel
1764 1136 1876 1224 potius
1898 1129 2208 1209 controuersiae>

1385 1254 2207 1364 commutantiumath'tttquaeuemhquua
2316 1259 2317 1262 '

1385 1383 1418 1453 in
1434 1385 1505 1454 aliis
1523 1385 1604 1456 locis
1621 1387 1737 1457 eadem
1753 1385 1880 1456 ratione
1897 1395 1948 1456 est
1963 1387 2208 1475 interpretatus.
2317 1443 2318 1462 i

1385 1497 1432 1566 ct.
1445 1499 1570 1582 houtt,
1594 1501 1696 1568 boam
1714 1501 1757 1568 66
1772 1501 1908 1588 Hemupl.
1930 1473 2159 1592 6699161916,
2179 1515 2208 1574 et
2317 1489 2318 1492 ¹

1305 1675 1312 1692 ·
1383 1634 1417 1702 ln
1442 1625 1537 1704 totth
1561 1651 1623 1719 pro
1640 1636 1713 1722 ipso
1734 1654 1833 1706 voces
1849 1637 2089 1724 interpretandi
2106 1657 2208 1710 more.

1383 1747 1516 1816 httenta
1540 1755 1651 1817 autem
1667 1749 1804 1835 Aquilae
1824 1751 2041 1838 etymologica
2058 1753 2207 1822 vertendi

1384 1859 1522 1944 ratione,
1540 1861 1567 1932 si
1585 1869 1695 1932 tamen
1712 1881 1779 1932 non
1796 1863 1892 1932 aliter
1908 1865 2039 1950 legerit,
2065 1873 2102 1934 ut
2125 1867 2207 1939 diri.

1384 1974 1526 2044 libenter
1564 1983 1804 2046 commutarem
1843 1977 1978 2046 nomina
2021 1971 2208 2065 praeposita

1385 2083 1516 2155 duobus
1541 2087 1748 2174 fragmentis,
1775 2090 1850 2176 quia
1875 2097 1953 2158 tuno
1970 2091 2096 2178 optime
2114 2093 2209 2162 ambo

1297 2237 1303 2248 ·
1354 2217 1356 2220 ·
1385 2215 1426 2266 eu
1449 2216 1566 2268 eorum
1590 2199 1702 2268 indole
1719 2201 1926 2288 interpretati
1943 2202 2095 2272 luissent.
2117 2205 2210 2286 Quod

1386 2317 1423 2378 ut
1446 2311 1550 2396 magis
1574 2311 1745 2398 probabile
1775 2331 1947 2398 censeam,
1979 2315 2098 2386 suadet
2128 2318 2210 2384 ratio

1385 2463 1449 2530 qua
1473 2437 1588 2516 DND
1612 2447 1722 2516 solent
1745 2454 1875 2516 vertere
1892 2449 1990 2518 ambo
2006 2452 2210 2538 interpretes

1386 2561 1440 2648 (61.
1465 2562 1591 2646 Menti,
1607 2565 1710 2630 6666.
1726 2563 1770 2630 oct
1785 2563 1933 2649 Heaopl,
1951 2563 2014 2632 suh
2037 2557 2157 2635 ΟΜ
2179 2573 2209 2632 ot

1385 2677 1448 2746 suh
1464 2676 1730 2768 nnopparro).
1747 2677 1877 2762 hagona
1905 2681 1956 2758 εις
1975 2648 2210 2764 6661666666
2320 2711 2321 2768 ;

1388 2761 1628 2877 αδολεσχιας
1649 2763 1798 2872 eborum
1818 2792 1875 2870 51,
1893 2791 1952 2872 oa,
1980 2791 2059 2874 198,
2085 2809 2114 2873 6,
2142 2791 2211 2880 qoi-

1387 2905 1451 2974 hus
1474 2903 1560 2974 addo
1584 2906 1644 2983 22,
1662 2903 1717 2985 36,
1735 2905 1797 2986 ts,
1818 2905 1874 2985 96,
1891 2903 1954 2972 231
1984 2901 2046 2988 (sic
2062 2905 2134 2973 tere
2152 2909 2208 2990 h').

1390 3015 1460 3102 qui,
1486 3023 1523 3084 ut
1546 3015 1593 3084 illi
1609 3015 1738 3102 legunt,
1762 3016 1872 3084 solum
1892 3015 2018 3086 omisso
2034 3023 2102 3099 εις,
2126 3021 2209 3088 torte

1388 3131 1593 3200 collatorum
1616 3129 1752 3210 incuria,
1778 3146 1854 3198 oum
1878 3130 1977 3200 unius
1993 3130 2147 3216 ejusdem
2163 3151 2211 3201 re·
2321 3137 2322 3164 ³

1385 3243 1552 3313 censionis
1579 3243 1664 3324 sint,
1697 3251 1731 3312 et
1762 3243 1891 3312 soleant
1922 3245 2139 3314 concordare.
2174 3247 2209 3314 lii

1387 3357 1490 3426 Godd.
1515 3357 1655 3444 primam
1686 3375 1823 3442 vocem,
1856 3366 1893 3428 ut
1916 3359 2033 3445 Aquila
2056 3359 2090 3426 iu
2115 3361 2209 3446 Syro.

1386 3477 1596 3552 sumserunt,
1621 3471 1759 3540 alteram
1787 3471 1940 3556 liberius,
1973 3479 2151 3561 utramque
2179 3474 2210 3542 in

1386 3581 1504 3668 plurali
1527 3599 1569 3652 ex
1593 3582 1735 3668 quadam
1759 3583 1910 3654 libertate
1934 3593 2115 3654 vertenmt.

1433 3702 1488 3754 12
1516 3697 1569 3764 16.
1603 3698 1639 3764 lu
1664 3697 1766 3780 Syros
1795 3695 1910 3783 incipit
1933 3674 2022 3778 Αἷν,
2054 3717 2119 3786 qua
2149 3703 2210 3770 sub

1387 3807 1483 3876 litera
1503 3815 1674 3892 ponuntur
1688 3826 1772 3895 quae
1788 3809 1852 3878 sub
1869 3810 1985 3880 eadem
2002 3813 2096 3884 litera
2112 3813 2211 3884 habet

1388 3921 1487 3990 Hebr.
1511 3938 1587 3990 oum
1598 3921 1705 4008 vulg,
1728 3921 1788 3990 sod
1812 3929 1889 4008 post
1913 3923 2042 3994 literam
2066 3943 2210 4012 sequeu-

1386 4041 1471 4103 tem:
1496 4035 1757 4104 concordantia
1781 4035 1937 4104 omuibus
1966 4055 1995 4118 a,
2012 4037 2113 4118 hrm,
2140 4039 2209 4106 Cat.

1385 4147 1557 4230 Ghislerii;
1582 4155 1804 4234 transponunt
1820 4147 1920 4216 etiam
1936 4148 2068 4233 ooguati
2092 4167 2170 4218 oum
2193 4165 2210 4214 6

1386 4275 1517 4344 omues,
1542 4263 1601 4344 22,
1626 4261 1681 4344 96,
1707 4261 1765 4342 le,
1790 4261 1922 4344 dhdt,
1947 4263 2003 4344 96,
2023 4263 2106 4345 198,
2131 4265 2209 4332 231.

1385 4371 1433 4456 Ρ,
1458 4379 1491 4442 et
1515 4375 1536 4442 6
1560 4373 1692 4444 codices
1717 4373 1815 4442 liebr.
1833 4373 1922 4460 apud
1937 4374 2102 4443 De-itossi
2121 4377 2210 4442 lectt.

1392 4485 1481 4554 Vorr.
1507 4487 1554 4555 Gi.
1579 4492 1647 4554 not.
1674 4487 1752 4570 Cap.
1777 4486 1823 4566 ll,
1848 4502 1877 4551 v.
1906 4487 1958 4552 16.

1432 4617 1461 4668 v.
1479 4601 1533 4670 66.
1551 4571 2049 4682 κατεποὲη-κατεπονηὲη
2066 4615 2142 4669 eum
2155 4603 2209 4682 66,
2322 4581 2323 4586 '

1386 4715 1442 4796 36,
1467 4715 1527 4797 18,
1552 4715 1607 4796 tt,
1631 4717 1685 4796 51,
1710 4715 1769 4797 62,
1792 4715 1853 4796 88,
1878 4715 2005 4796 90,98,
2026 4716 2106 4796 198,
2131 4715 2207 4787 231,

1387 4845 1416 4909 a,
1433 4799 1526 4890 ull.
1551 4826 1585 4894 n
1605 4829 1650 4910 6,
1675 4827 1806 4913 origen.
1832 4827 1865 4896 u
1883 4828 1952 4896 cat.
1974 4826 2089 4908 6666,
2115 4827 2208 4913 errius

1385 4939 1467 5010 haec
1483 4947 1562 5010 sunt
1577 4941 1689 5010 verba:
1706 4941 1791 5004 otto
1807 4943 1881 5004 του
1896 4915 2117 5041 οφθαλμος
2130 4943 2207 5030 μου

1385 5028 1612 5136 nutabundi]
1636 5053 1785 5140 (corrige
1802 5054 1952 5141 sphalma
1976 5061 2148 5142 typorum,
2173 5063 2208 5122 ut

1386 5167 1495 5236 versio
1507 5159 1574 5236 lat.
1591 5167 1768 5254 supponit,
1789 5147 2057 5254 κατεπονηὲη)
2078 5174 2143 5231 κω
2162 5172 2208 5230 oo

1385 5282 1584 5374 66666666
1613 5283 1687 5344 roo
1716 5285 1768 5370 μη
1798 5285 1889 5344 etant
1908 5263 2077 5364 6666666.
2116 5285 2209 5370 συμ-

1385 5397 1516 5484 μαχος
1530 5397 1644 5474 einer,
1658 5363 1681 5458 ὁ
1694 5369 1913 5494 οφθαλμος
1927 5399 2005 5486 μου
2020 5365 2209 5484 ὑπεμεινεν

1387 5507 1586 5594 (1161166,
1601 5507 1744 5578 Dmsius
1760 5509 1920 5578 etldontt.
1937 5509 2122 5599 strepens)
2146 5515 2209 5570 και

1387 5625 1460 5684 oux
1475 5623 1681 5686 επαυσατο
1701 5625 1775 5686 του
1788 5627 1840 5712 μη
1854 5627 1945 5684 etant
1961 5625 2100 5686 666666·
2123 5625 2207 5704 Quas

1386 5733 1547 5805 lectiones
1571 5733 1745 5806 confirmat
1768 5735 1942 5822 explicatio
1967 5735 2078 5808 addita
2099 5741 2207 5804 textus

1387 5849 1565 5930 tumLXli,
1580 5849 1869 5934 tumSymmaehi3
1893 5847 1982 5918 illam
2006 5865 2086 5918 vero
2110 5849 2206 5936 huius
