4706 6420
428 797 1099 972 APOCALYPSIS
1160 799 1596 993 ΒΑΒΠΟΗ,

341 1346 346 1364 .
400 1289 406 1298 ·
564 1235 698 1374 curu
729 1283 805 1372 ou
837 1277 1054 1372 camon
1086 1279 1142 1398 ru
1174 1273 1464 1384 suurrouu,
1516 1383 1519 1388 Δ

345 1539 422 1657 nu¹
450 1473 595 1628 nuno
626 1535 700 1623 on
733 1531 963 1625 suuruoo
996 1531 1051 1622 ru
1081 1529 1325 1622 curruum
1358 1527 1687 1624 recusetur.

185 2461 285 2517 umen
301 2457 548 2515 urocmrrscos
565 2456 696 2512 amnon
713 2455 794 2510 rruu
810 2453 948 2518 maun,

237 2587 448 2642 cursurus
464 2587 509 2640 nu
526 2583 657 2640 omaso
674 2583 707 2638 nr
725 2555 920 2644 eumaeum(

110 2875 112 2880 ,
218 2823 252 2894 t.
267 2823 309 2895 iit
325 2821 451 2895 tactum
466 2821 569 2894 estin
583 2817 980 2894 annuxxviecboniae

147 2948 256 3041 regis
282 2945 402 3030 tudae,
431 2946 559 3020 tactum
586 2953 642 3020 est
668 2945 814 3020 verbum
840 2943 982 3018 Domini

163 3093 270 3178 super
286 3072 421 3148 Barnob
438 3073 549 3147 fllium
575 3073 715 3155 Nerine,
743 3079 779 3148 et
795 3055 892 3146 ¹dixit
918 3073 977 3146 ei:

163 3201 334 3278 Vidistine
353 3217 595 3293 quaecumque
610 3199 693 3274 iacit
718 3197 804 3272 mibi
830 3199 981 3291 populus

162 3333 243 3414 iste,
259 3329 348 3402 mata
367 3346 456 3420 quae
474 3329 631 3402 iecerunt
644 3325 862 3402 duaerribus
880 3327 980 3410 istae,

164 3477 255 3556 quae
289 3463 555 3542 remanserunt,
585 3457 695 3548 magis
728 3473 833 3548 quam
859 3455 982 3530 decem

163 3584 297 3668 tribus,
326 3601 416 3676 quae
443 3583 597 3676 captivae
624 3583 793 3658 abductae
820 3584 983 3660 inerunt?

165 3711 290 3787 'tribus
309 3712 403 3786 enim
420 3711 556 3803 priores
574 3708 754 3803 croginus
772 3711 846 3784 suis
865 3709 982 3801 adige·

164 3843 291 3916 bantur
299 3838 344 3913 ad
356 3837 582 3932 peccandum,
598 3837 874 3912 istaeduaevero
886 3839 984 3928 ipsae

165 3967 351 4060 adigebant
372 3973 407 4042 et
424 3966 595 4060 cogebant
611 3985 713 4060 reges
733 3983 818 4040 suos
837 3965 882 4040 ad
898 3983 981 4056 pee-

165 4093 326 4171 candnm.
354 4093 498 4185 Propter
514 4093 583 4168 boo
601 4111 683 4168 ecce
700 4092 836 4168 adduco
855 4091 984 4174 matum

166 4239 274 4314 super
300 4219 424 4296 urbem
449 4221 550 4294 istam
578 4225 613 4294 et
638 4235 746 4310 super
771 4221 984 4296 habitatores

167 4351 264 4442 ejus,
293 4353 328 4422 et
358 4347 532 4422 auferetur
558 4365 578 4419 a
605 4354 798 4439 conspectu
829 4365 908 4422 meo
940 4347 985 4422 ad

166 4483 329 4568 tempus,
367 4479 402 4550 et
436 4473 637 4566 disperdam
668 4475 839 4566 poputum
880 4476 985 4550 istum

167 4603 258 4676 inter
282 4609 428 4694 gentes,
458 4609 496 4676 ut
524 4601 687 4694 gentibus
712 4601 915 4678 beneiaciat.
943 4603 987 4678 iit

166 4731 321 4824 populus
337 4749 438 4806 meus
457 4731 698 4825 castigabatur,
714 4738 749 4806 et
766 4733 881 4806 reniet
898 4737 985 4807 tcm-

168 4877 260 4954 pus,
290 4864 325 4933 et
351 4859 530 4952 requirent
565 4859 829 4954 prosperitatem
857 4865 987 4952 tempo

168 5003 247 5060 rum
274 5003 432 5060 suorum.
714 4987 720 5000 '

222 5113 259 5186 2.
280 5113 371 5188 ilaec
390 5119 507 5188 autem
526 5111 599 5188 dixi
617 5113 691 5198 tibi,
712 5119 751 5188 ut
773 5113 869 5190 dicas
895 5114 994 5196 iere.

169 5239 260 5314 miae
279 5247 314 5315 et
331 5241 497 5318 omnibus
516 5243 578 5334 qui
604 5243 737 5316 similes
763 5249 848 5316 sunt
873 5241 985 5327 robis.

169 5375 209 5444 ut
234 5367 405 5444 recedatis
441 5369 485 5444 ab
521 5369 609 5446 urbe
645 5371 721 5445 ista.
759 5369 846 5458 Quia
882 5387 988 5463 opera

169 5501 285 5570 vestm
310 5503 395 5571 sunt
419 5495 499 5572 urbi
523 5496 606 5574 huic
633 5505 809 5592 nmquam
828 5499 989 5574 columna

169 5621 280 5708 firma,
301 5629 336 5700 et
360 5641 484 5718 preces
503 5633 638 5702 rosnae
661 5633 836 5722 umquam
864 5645 988 5704 murus

124 5803 129 5810 .
170 5749 318 5828 vatidus.

1123 2435 1159 2510 3.
1174 2436 1217 2509 iit
1230 2434 1314 2510 diui:
1333 2433 1572 2509 Odominatnr
1585 2433 1742 2519 bomine,
1759 2434 1886 2510 ideone

1069 2564 1150 2638 veni
1167 2563 1205 2636 in
1222 2553 1404 2646 mundum,
1424 2569 1463 2637 ut
1479 2563 1634 2638 ridemm
1663 2563 1794 2637 malum
1812 2583 1886 2638 ma·

1069 2689 1133 2763 tris
1151 2691 1268 2764 meaei
1288 2689 1524 2782 Nequaquam,
1540 2689 1699 2762 bomine:
1715 2689 1752 2762 Si
1770 2689 1888 2764 inveni
1989 2677 1993 2687 '

1071 2817 1217 2908 gratiam
1242 2815 1280 2890 in
1299 2817 1410 2892 ocutis
1427 2811 1507 2901 tuis,
1530 2818 1646 2910 recipe
1664 2819 1762 2910 prius
1781 2819 1884 2910 spiri·

1071 2951 1145 3017 tum
1161 2961 1291 3028 meum,
1308 2949 1346 3017 nt
1358 2943 1480 3018 abeam
1494 2943 1588 3036 apud
1605 2951 1719 3036 patres
1734 2963 1843 3030 meos,
1854 2951 1889 3019 et

1070 3095 1143 3150 non
1170 3081 1324 3168 spectem
1343 3077 1487 3150 exitium
1515 3077 1634 3150 matris
1662 3095 1771 3151 meae.
1801 3077 1889 3164 Quia

1052 3201 1143 3276 duo
1182 3209 1308 3295 urgent
1346 3221 1403 3278 me
1437 3201 1673 3278 vehementer.
1707 3195 1890 3278 'Resistere

1072 3330 1165 3404 enim
1184 3329 1246 3404 tibi
1265 3347 1336 3404 non
1354 3348 1515 3422 possum;
1543 3330 1608 3406 sed
1625 3348 1741 3424 neque
1759 3337 1892 3424 specta·

1073 3475 1111 3532 re
1130 3456 1259 3530 maium
1277 3457 1397 3531 matris
1416 3475 1513 3532 meae
1535 3465 1651 3548 potest
1667 3458 1782 3532 anima
1799 3475 1888 3532 mea.

1073 3585 1186 3660 Unum
1201 3589 1316 3658 autem
1333 3585 1458 3677 loquar
1476 3585 1513 3658 iu
1527 3591 1717 3678 conspectu
1732 3590 1814 3682 tuo„
1824 3586 1891 3658 tio

1073 3711 1178 3786 mine.
1199 3711 1290 3799 Quid
1316 3729 1400 3804 ergo
1428 3713 1494 3786 erit
1519 3719 1600 3802 post
1625 3709 1714 3785 istat
1741 3713 1778 3785 Si
1796 3713 1890 3787 eninr

1073 3839 1192 3932 perdis
1206 3837 1329 3913 urbem
1348 3845 1454 3924 mam,
1470 3846 1506 3914 et
1523 3837 1631 3913 tradis
1649 3845 1777 3912 terram
1795 3845 1892 3914 tuam

1074 3965 1273 4058 odientibus
1300 3984 1378 4051 nos,
1407 3965 1585 4060 quomodo
1603 3967 1729 4040 iterum
1756 3987 1891 4042 memo·

1075 4079 1207 4167 rabitur
1232 4111 1362 4168 numen
1388 4093 1519 4168 israeli
1544 4093 1614 4168 Aut
1639 4095 1817 4188 morundo
1844 4097 1894 4170 in·

1075 4231 1201 4316 quatur
1218 4222 1263 4298 de
1288 4221 1451 4298 laudibus
1469 4224 1560 4298 tuisi
1588 4223 1657 4298 dut
1674 4224 1812 4298 cuinam
1831 4241 1892 4300 ex*

1074 4351 1259 4443 plicabitur
1285 4351 1382 4444 quod
1408 4358 1462 4425 est
1491 4355 1529 4426 in
1564 4353 1642 4446 tege
1677 4356 1765 4426 tuat
1794 4351 1895 4428 Anne

1025 4511 1038 4530 ·
1074 4479 1256 4554 mundus·
1280 4485 1472 4556 revertetur
1490 4481 1536 4556 ad
1553 4486 1710 4554 naturam
1729 4497 1841 4564 anem,
1861 4487 1896 4555 ot

1075 4609 1234 4683 mentum
1260 4605 1387 4682 redibit
1413 4607 1458 4682 ad
1484 4608 1660 4682 silentium
1687 4609 1898 4698 pristinumr

1074 4735 1118 4810 Et
1134 4735 1278 4828 recipiet
1296 4755 1335 4810 se
1354 4735 1537 4810 multitudo
1556 4735 1763 4819 animarum,
1782 4741 1817 4809 et
1838 4753 1898 4808 na-
2001 4725 2006 4733 '

1075 4867 1154 4936 tura
1175 4863 1357 4936 bominum
1385 4863 1511 4936 iterum
1538 4880 1610 4936 ucn
1634 4861 1896 4938 nominabitur?

1076 4987 1119 5062 lit
1145 4987 1286 5062 ubinam
1305 4996 1359 5064 est
1376 4989 1623 5083 quodcumque
1641 4989 1760 5064 dixisti
1783 4991 1896 5084 Moysi

1077 5113 1122 5189 de
1149 5114 1283 5188 nobisi

1132 5242 1168 5316 t.
1196 5241 1239 5316 tit
1264 5241 1351 5316 dixit
1377 5241 1463 5318 mibi
1489 5243 1675 5318 Dominus:
1703 5243 1793 5320 Urbs
1829 5245 1896 5322 ista

1078 5367 1124 5442 ad
1149 5375 1286 5462 tempos
1313 5370 1479 5454 tradetur.
1509 5377 1545 5446 et
1570 5371 1722 5464 populus
1750 5375 1897 5469 castiga·

1077 5497 1172 5574 bitur
1207 5497 1433 5590 aliquandiu,
1463 5503 1498 5572 ct
1534 5499 1694 5574 seudum
1730 5501 1898 5576 oblivioni

1078 5643 1151 5700 ncn
1178 5624 1326 5701 dabitur.
1353 5625 1455 5702 tinne
1486 5633 1607 5718 putas,
1637 5627 1733 5722 quod
1761 5631 1827 5704 ista
1853 5631 1900 5706 sit

1080 5752 1178 5840 urbs,
1206 5751 1251 5830 de
1270 5771 1339 5848 qna
1365 5753 1457 5830 dixi:
1485 5755 1598 5852 Super
1616 5757 1712 5831 volas
1731 5775 1897 5834 manuum
