4690 6406
488 419 559 484 titt.
574 438 603 483 o.
638 435 712 486 rum
737 417 883 488 dimittes
906 415 971 488 iliis

639 551 735 600 secus
761 533 850 618 quod
874 533 982 619 placc-

534 648 537 656 '
638 646 686 712 bit
709 646 844 714 domino
869 663 986 734 eorum
1009 647 1043 714 in
1067 645 1115 714 iu-

638 759 927 828 dmmmm

683 874 687 893 '
726 879 838 942 autem
862 879 1040 960 postquam

639 985 809 1074 intrabunt
833 985 867 1052 in
892 993 1017 1054 terram

638 1115 734 1164 suam
759 1115 865 1166 annos
947 1095 957 1116 ⁹

638 1219 671 1280 et
695 1220 809 1298 postea
833 1211 1018 1280 domInabi-

637 1333 692 1392 tur
715 1345 733 1393 a
757 1325 962 1412 principibus
987 1333 1021 1394 et

634 1438 781 1522 tyrannis
806 1455 867 1523 per
889 1456 995 1507 annos

634 1551 725 1619 'xuiii
751 1558 784 1619 et
809 1551 920 1620 nuiiii·
946 1569 1051 1622 annos

634 1665 834 1750 abrumpens
860 1659 915 1734 tib·
941 1685 972 1733 x·

635 1796 711 1846 nam
734 1779 938 1848 descendent
961 1781 1022 1848 tri-

634 1893 696 1960 bus
720 1892 805 1960 duae
829 1897 862 1960 et
887 1893 1025 1961 transie-

635 2013 712 2073 runt
736 2023 857 2073 scenae
882 2006 975 2075 testi-

501 2141 506 2150 ·
635 2115 792 2184 monium·
819 2121 898 2183 tunc
922 2117 1022 2186 deus.

634 2228 786 2296 caelestis
812 2229 888 2297 iecit
912 2247 968 2314 pa-

633 2341 699 2409 lam
724 2331 843 2410 scenae
869 2360 950 2410 suae

633 2461 666 2522 et
690 2454 813 2554 terrum
836 2461 989 2524 sanctua-

568 2587 572 2594 ·
635 2567 675 2634 rii
698 2568 760 2635 sui·
786 2574 820 2635 et
844 2573 1012 2654 ponentur

633 2681 717 2749 duae
742 2681 849 2749 tribus
871 2680 1030 2750 sanctita·

635 2795 686 2862 tis·
712 2813 788 2862 nam
812 2795 985 2864 ·x··tribus
1010 2802 1077 2865 sta-

634 2907 956 2976 ostremundus
1022 2893 1032 2908 '

634 3021 860 3090 ordinationes
884 3041 963 3091 suas

543 3163 550 3201 ;
637 3152 737 3220 regna
761 3141 795 3202 et
819 3135 969 3204 adferent

636 3249 787 3318 uictimas
804 3267 864 3336 per
887 3267 992 3317 annos

635 3381 687 3430 xx·
708 3369 741 3430 et
766 3361 832 3429 ·uii·
858 3361 1056 3430 circumual-

634 3475 749 3543 iabunt
771 3492 886 3544 muros
911 3481 945 3542 et

634 3587 815 3658 circumibo
840 3587 930 3656 uiiii·
956 3595 989 3658 et

634 3699 796 3772 adcedent
820 3704 861 3772 ad
884 3711 987 3773 testa·

634 3823 784 3884 mentum
807 3817 943 3884 domini·
968 3823 1001 3885 et
1024 3817 1124 3884 finem

635 3928 786 4013 polluent
807 3945 908 4014 quem
932 3927 977 3996 ie-

636 4040 680 4108 cit
696 4040 850 4110 dominus
865 4057 940 4110 cum
957 4041 1015 4109 eis·
1033 4048 1066 4112 et
1082 4043 1144 4110 im-

635 4155 807 4224 motabunt
831 4163 926 4224 natos

635 4285 715 4336 suos
740 4267 803 4336 diis
827 4269 953 4337 alienis·
979 4277 1013 4338 et

636 4387 763 4466 ponent
786 4379 874 4449 idola
899 4391 1017 4450 scenae

635 4493 822 4562 seruientes
846 4493 921 4562 iilis·

636 4615 670 4676 et
693 4608 727 4675 in
751 4607 851 4676 domo
875 4607 1001 4676 domini
1027 4610 1103 4677 ieci-

636 4725 693 4787 ent
717 4720 868 4790 sceleste·
894 4728 928 4791 et
952 4741 984 4790 s-

636 4833 771 4920 onipent
795 4851 928 4905 omnem
952 4839 1024 4906 ani-

637 4949 773 5017 malium
796 4949 885 5020 idola
908 4952 1011 5020 muita

705 5061 769 5130 iilis
793 5065 1001 5152 temporibus

637 5175 750 5245 ueniet
774 5175 839 5245 iilis
863 5177 904 5247 ab
929 5177 994 5246 ori-

637 5293 714 5386 ente
738 5305 797 5357 rer
821 5295 855 5358 et
879 5295 968 5376 teget
1107 5269 1113 5282 ⁸

636 5403 802 5488 equitatus
827 5409 949 5473 terram

637 5535 755 5587 eorum
779 5527 812 5588 et
835 5519 994 5591 incendet

638 5632 768 5702 colonia
792 5651 909 5704 eorum
933 5634 997 5720 ig-.

636 5765 679 5818 no
702 5763 778 5817 com
802 5749 884 5818 aede
906 5757 1018 5818 sancta

1241 236 1418 298 -b'ii-

1373 417 1444 482 ibit.
1462 435 1492 485 o.
1525 415 1651 502 domini
1676 423 1708 488 ot
1732 426 1843 488 sancta
1868 395 1947 489 uasa
1972 439 2040 489 orna

1527 530 1580 600 nia
1605 533 1699 602 tollet
1723 541 1757 602 et
1781 549 1915 603 omnem

1527 647 1659 731 plebem
1683 646 1780 714 eiciet
1804 653 1837 714 ot
1861 645 1921 714 du·

1426 743 1435 750 ’
1527 766 1579 826 cot
1605 759 1681 828 ilios
1705 760 1738 827 in
1763 766 1886 827 terram

1527 873 1652 958 patriae
1677 892 1756 942 suae
1780 879 1814 942 et
1837 874 1920 942 duas
1978 973 1981 978 Ι

1527 987 1633 1056 tribus
1657 987 1747 1055 ducit
1770 1005 1885 1057 secum

1503 1103 1593 1168 Tunc
1616 1101 1820 1170 inuocabnnt

1527 1215 1612 1282 duee
1638 1214 1745 1282 tribus
1768 1233 1799 1280 x·
1825 1214 1931 1282 tribus

1527 1337 1559 1396 et
1584 1328 1707 1396 ducent
1731 1347 1768 1396 se
1791 1333 1829 1396 ut
1852 1329 1938 1397 liena

1528 1442 1558 1508 in
1584 1441 1709 1525 campis
1732 1441 1896 1526 puluerati

1526 1553 1711 1622 esurientes
1736 1561 1769 1622 et
1793 1553 1866 1622 siti-

1441 1701 1445 1710 ·
1526 1672 1620 1734 entes
1645 1683 1720 1734 cum
1744 1665 1924 1736 iniantibns

1527 1777 1651 1847 nostris
1675 1785 1709 1846 et
1733 1778 1920 1848 clamabunt

1525 1891 1631 1960 iustus
1655 1897 1688 1959 et
1713 1898 1846 1960 sanctus
1870 1891 2024 1960 dominus

1524 2005 1599 2090 quia
1623 2003 1712 2072 enim
1735 2023 1798 2072 uos
1822 2021 1954 2090 peccas-

1524 2116 1565 2183 tis
1590 2127 1622 2184 et
1647 2132 1709 2184 nos
1733 2117 1856 2202 pariter
1879 2115 1938 2184 ad-

1523 2231 1614 2298 ducti
1638 2247 1754 2298 sumus
1779 2231 1894 2299 uobis-

1526 2363 1601 2413 cum
1648 2353 1727 2414 tunc
1751 2346 1859 2432 plora·

1525 2459 1608 2528 bunt
1633 2477 1674 2526 ·x·
1700 2459 1806 2528 tribus
1836 2457 1970 2526 audien-

1526 2578 1575 2638 tes
1600 2571 1791 2657 inproporia
1814 2587 1889 2638 uer·

1525 2685 1645 2752 borum
1670 2685 1793 2753 tribum
1817 2685 1900 2752 dna-

1524 2815 1598 2865 rum
1623 2804 1656 2864 et
1680 2795 1800 2864 dicent
1826 2795 1905 2881 quid
2005 2885 2010 2892 ι

1435 2911 1441 2922 “
1524 2909 1682 2977 iaciemus
1707 2908 1803 2977 uobis
1827 2909 1893 2976 ira-

1523 3029 1600 3090 tres·
1626 3039 1737 3089 nonne
1761 3022 1796 3090 in
1821 3038 1956 3090 omnem

1443 3189 1449 3202 .
1522 3135 1659 3204 domum
1683 3135 1819 3204 istrahel
1844 3135 1904 3204 ad-

1522 3248 1613 3316 uenit
1635 3247 1745 3317 clibsis
1769 3247 1851 3316 baec

1521 3369 1555 3430 et
1579 3379 1695 3430 omnes
1719 3361 1825 3430 tribus
1850 3359 1960 3446 ptora-

1522 3477 1605 3544 bunt
1627 3477 1806 3544 clamantes
1829 3474 1863 3542 in

1409 3595 1416 3609 ·
1523 3591 1650 3658 caetum
1675 3597 1709 3658 et
1733 3589 1884 3658 dicentes

1524 3704 1607 3773 deus
1631 3703 1796 3772 abrabam·
1810 3709 1843 3770 et
1859 3701 1941 3770 deus
1958 3701 2020 3770 isa·

1523 3837 1570 3886 ac·
1595 3825 1628 3887 et
1652 3818 1735 3885 deus
1757 3817 1851 3885 iacob
1875 3816 1976 3884 remi-

1523 3931 1651 4000 niscere
1676 3937 1856 3998 testamen-

1521 4051 1592 4111 tum
1616 4051 1710 4112 tuum
1734 4041 1825 4128 quod
1848 4041 1915 4109 iao-

1520 4157 1595 4224 tasti
1619 4173 1695 4224 cum
1719 4156 1767 4224 eis
1790 4161 1825 4225 ot
1848 4155 1917 4224 ius-

1522 4273 1697 4340 iurandum
1721 4269 1809 4357 quod
1835 4269 1883 4338 iu-

1516 4387 1595 4455 rasti
1620 4385 1668 4454 eis
1693 4403 1753 4470 per
1776 4393 1809 4456 te
1825 4403 1867 4454 ne
1890 4404 1963 4452 um-

1517 4517 1616 4587 quam
1641 4501 1772 4570 deficiat
1796 4515 1910 4568 semen

1515 4629 1632 4682 eorum
1672 4631 1689 4682 a
1715 4621 1801 4681 terra
1826 4629 1924 4698 quam

1517 4723 1637 4795 dedisti
1662 4725 1727 4794 iilis

1361 4839 1365 4846 '
1412 4835 1420 4856 '
1495 4841 1586 4906 Tunc
1610 4837 1871 4932 reminiscentur

1407 5045 1412 5052 ι
1515 4949 1907 5019 mmmmm

1519 5063 1623 5132 tribus
1648 5062 1690 5132 ad
1714 5062 1847 5132 tribum·
1878 5071 1916 5132 et

1519 5179 1620 5248 bomo
1644 5177 1686 5248 de
1711 5178 1866 5266 proximo
1968 5197 1976 5214 ·

1514 5309 1576 5361 sno
1599 5309 1710 5361 nonne
1735 5293 1798 5361 boc
1825 5299 1882 5361 est

1519 5405 1609 5493 quod
1632 5407 1817 5476 testabatur
1840 5423 1902 5475 no-

1520 5519 1571 5589 bis
1595 5535 1670 5587 cum
1691 5505 1824 5606 moyses
1849 5518 1882 5585 in

1518 5632 1657 5718 protetis
1682 5631 1738 5718 qui
1761 5631 1865 5702 muita

1517 5767 1634 5837 passus
1657 5757 1709 5818 ost
1732 5749 1766 5818 in
1789 5757 1930 5837 aegypto
