<?xml version="1.0" encoding="UTF-8"?>
<!DOCTYPE html PUBLIC "-//W3C//DTD XHTML 1.0 Transitional//EN"
    "http://www.w3.org/TR/xhtml1/DTD/xhtml1-transitional.dtd">
<html xmlns="http://www.w3.org/1999/xhtml" xml:lang="en" lang="en">
 <head>
  <title>
</title>
<meta http-equiv="Content-Type" content="text/html;charset=utf-8" />
  <meta name='ocr-system' content='tesseract 3.04.00' />
  <meta name='ocr-capabilities' content='ocr_page ocr_carea ocr_par ocr_line ocrx_word'/>
</head>
<body>
  <div class='ocr_page' id='page_1' title='image "./fragmentumactuu00unkngoog/fragmentumactuu00unkngoog_0078.png"; bbox 0 0 4690 6406; ppageno 0'>
   <div class='ocr_carea' id='block_1_1' title="bbox 921 199 1093 264">
    <p class='ocr_par' dir='ltr' id='par_1_1' title="bbox 921 199 1093 264">
     <span class='ocr_line' id='line_1_1' title="bbox 921 199 1093 264; baseline 0.035 -20"><span class='ocrx_word' id='word_1_1' title='bbox 921 199 1093 264; x_wconf 59' lang='lat' dir='ltr'>‚pp-</span> 
     </span>
    </p>
   </div>
   <div class='ocr_carea' id='block_1_2' title="bbox 1050 377 1656 578">
    <p class='ocr_par' dir='ltr' id='par_1_2' title="bbox 1050 377 1656 578">
     <span class='ocr_line' id='line_1_2' title="bbox 1050 377 1656 456; baseline 0.018 -11"><span class='ocrx_word' id='word_1_2' title='bbox 1050 377 1166 446; x_wconf 57' lang='grc' dir='ltr'>ΜΗ.</span> <span class='ocrx_word' id='word_1_3' title='bbox 1204 389 1408 450; x_wconf 88' lang='lat' dir='ltr'>canaam·.et</span> <span class='ocrx_word' id='word_1_4' title='bbox 1431 397 1606 450; x_wconf 91' lang='lat' dir='ltr'>enarraue-</span> <span class='ocrx_word' id='word_1_5' title='bbox 1648 441 1656 456; x_wconf 92' lang='lat'><strong>.</strong></span> 
     </span>
     <span class='ocr_line' id='line_1_3' title="bbox 1205 493 1607 578; baseline 0.007 -20"><span class='ocrx_word' id='word_1_6' title='bbox 1205 499 1283 560; x_wconf 92' lang='lat' dir='ltr'>runt</span> <span class='ocrx_word' id='word_1_7' title='bbox 1307 493 1393 578; x_wconf 89' lang='lat' dir='ltr'>patri</span> <span class='ocrx_word' id='word_1_8' title='bbox 1417 509 1480 560; x_wconf 93' lang='lat' dir='ltr'>suo</span> <span class='ocrx_word' id='word_1_9' title='bbox 1505 509 1607 578; x_wconf 88' lang='lat' dir='ltr'>quae-</span> 
     </span>
    </p>
   </div>
   <div class='ocr_carea' id='block_1_3' title="bbox 165 375 861 578">
    <p class='ocr_par' dir='ltr' id='par_1_3' title="bbox 165 375 861 578">
     <span class='ocr_line' id='line_1_4' title="bbox 170 375 730 466; baseline 0.002 -22"><span class='ocrx_word' id='word_1_10' title='bbox 170 377 273 444; x_wconf 74' lang='lat' dir='ltr'>tttc.</span> <span class='ocrx_word' id='word_1_11' title='bbox 296 379 332 445; x_wconf 90' lang='lat' dir='ltr'>iu</span> <span class='ocrx_word' id='word_1_12' title='bbox 359 381 443 444; x_wconf 88' lang='lat' dir='ltr'>terra</span> <span class='ocrx_word' id='word_1_13' title='bbox 467 383 579 446; x_wconf 89' lang='lat' dir='ltr'>autem</span> <span class='ocrx_word' id='word_1_14' title='bbox 602 375 730 466; x_wconf 75' lang='lat' dir='ltr'>aegypti</span> 
     </span>
     <span class='ocr_line' id='line_1_5' title="bbox 165 489 861 578; baseline 0.017 -27"><span class='ocrx_word' id='word_1_15' title='bbox 165 489 236 554; x_wconf 74' lang='lat' dir='ltr'>itti</span> <span class='ocrx_word' id='word_1_16' title='bbox 318 497 410 558; x_wconf 84' lang='lat' dir='ltr'>erant</span> <span class='ocrx_word' id='word_1_17' title='bbox 434 507 536 575; x_wconf 91' lang='lat' dir='ltr'>panes</span> <span class='ocrx_word' id='word_1_18' title='bbox 560 492 716 578; x_wconf 86' lang='lat' dir='ltr'>quoniam</span> <span class='ocrx_word' id='word_1_19' title='bbox 850 503 861 510; x_wconf 79' lang='grc'><strong><em>’</em></strong></span> 
     </span>
    </p>
   </div>
   <div class='ocr_carea' id='block_1_4' title="bbox 314 606 663 1014">
    <p class='ocr_par' dir='ltr' id='par_1_4' title="bbox 314 606 663 1014">
     <span class='ocr_line' id='line_1_6' title="bbox 314 606 646 690; baseline 0.012 -21"><span class='ocrx_word' id='word_1_20' title='bbox 314 612 572 690; x_wconf 80' lang='lat' dir='ltr'>congregauerat</span> <span class='ocrx_word' id='word_1_21' title='bbox 595 606 646 673; x_wconf 92' lang='lat' dir='ltr'>io-</span> 
     </span>
     <span class='ocr_line' id='line_1_7' title="bbox 320 719 631 806; baseline -0.003 -19"><span class='ocrx_word' id='word_1_22' title='bbox 320 719 401 806; x_wconf 85' lang='lat' dir='ltr'>seph</span> <span class='ocrx_word' id='word_1_23' title='bbox 425 719 631 787; x_wconf 82' lang='lat' dir='ltr'>trumentum</span> 
     </span>
     <span class='ocr_line' id='line_1_8' title="bbox 320 840 663 918; baseline 0.009 -19"><span class='ocrx_word' id='word_1_24' title='bbox 320 841 425 901; x_wconf 91' lang='lat' dir='ltr'>terrae</span> <span class='ocrx_word' id='word_1_25' title='bbox 449 840 580 918; x_wconf 85' lang='lat' dir='ltr'>septem</span> <span class='ocrx_word' id='word_1_26' title='bbox 604 851 663 902; x_wconf 91' lang='lat' dir='ltr'>an-</span> 
     </span>
     <span class='ocr_line' id='line_1_9' title="bbox 314 947 618 1014; baseline 0.007 -2"><span class='ocrx_word' id='word_1_27' title='bbox 314 963 432 1014; x_wconf 92' lang='lat' dir='ltr'>norum</span> <span class='ocrx_word' id='word_1_28' title='bbox 456 947 618 1014; x_wconf 89' lang='lat' dir='ltr'>ubertatis</span> 
     </span>
    </p>
   </div>
   <div class='ocr_carea' id='block_1_5' title="bbox 312 1060 721 1236">
    <p class='ocr_par' dir='ltr' id='par_1_5' title="bbox 312 1060 721 1236">
     <span class='ocr_line' id='line_1_10' title="bbox 313 1060 721 1129; baseline 0.007 -4"><span class='ocrx_word' id='word_1_29' title='bbox 313 1065 345 1126; x_wconf 83' lang='lat' dir='ltr'>ct</span> <span class='ocrx_word' id='word_1_30' title='bbox 369 1065 439 1126; x_wconf 91' lang='lat' dir='ltr'>erat</span> <span class='ocrx_word' id='word_1_31' title='bbox 463 1060 655 1129; x_wconf 89' lang='lat' dir='ltr'>custodiens</span> <span class='ocrx_word' id='word_1_32' title='bbox 680 1060 721 1128; x_wconf 91' lang='lat' dir='ltr'>ii-</span> 
     </span>
     <span class='ocr_line' id='line_1_11' title="bbox 312 1167 667 1236; baseline 0.003 -2"><span class='ocrx_word' id='word_1_33' title='bbox 312 1167 377 1234; x_wconf 91' lang='lat' dir='ltr'>iud·</span> <span class='ocrx_word' id='word_1_34' title='bbox 402 1170 443 1236; x_wconf 85' lang='lat' dir='ltr'>Et</span> <span class='ocrx_word' id='word_1_35' title='bbox 460 1168 667 1236; x_wconf 89' lang='lat' dir='ltr'>aduenerunt</span> 
     </span>
    </p>
   </div>
   <div class='ocr_carea' id='block_1_6' title="bbox 206 1280 747 5794">
    <p class='ocr_par' dir='ltr' id='par_1_6' title="bbox 311 1280 736 2045">
     <span class='ocr_line' id='line_1_12' title="bbox 312 1280 722 1367; baseline 0.007 -21"><span class='ocrx_word' id='word_1_36' title='bbox 312 1280 453 1366; x_wconf 79' lang='lat' dir='ltr'>aegyptii</span> <span class='ocrx_word' id='word_1_37' title='bbox 478 1281 519 1348; x_wconf 91' lang='lat' dir='ltr'>ad</span> <span class='ocrx_word' id='word_1_38' title='bbox 543 1280 660 1367; x_wconf 91' lang='lat' dir='ltr'>ioseph</span> <span class='ocrx_word' id='word_1_39' title='bbox 686 1289 722 1350; x_wconf 89' lang='lat' dir='ltr'>ut</span> 
     </span>
     <span class='ocr_line' id='line_1_13' title="bbox 312 1393 732 1462; baseline 0 0"><span class='ocrx_word' id='word_1_40' title='bbox 312 1395 404 1462; x_wconf 88' lang='lat' dir='ltr'>daret</span> <span class='ocrx_word' id='word_1_41' title='bbox 426 1393 492 1462; x_wconf 92' lang='lat' dir='ltr'>iliis</span> <span class='ocrx_word' id='word_1_42' title='bbox 515 1411 617 1462; x_wconf 91' lang='lat' dir='ltr'>escas·</span> <span class='ocrx_word' id='word_1_43' title='bbox 643 1401 676 1461; x_wconf 92' lang='lat' dir='ltr'>et</span> <span class='ocrx_word' id='word_1_44' title='bbox 700 1413 732 1462; x_wconf 93' lang='lat' dir='ltr'>a·</span> 
     </span>
     <span class='ocr_line' id='line_1_14' title="bbox 312 1506 736 1593; baseline 0.005 -20"><span class='ocrx_word' id='word_1_45' title='bbox 312 1506 444 1592; x_wconf 91' lang='lat' dir='ltr'>periens</span> <span class='ocrx_word' id='word_1_46' title='bbox 468 1506 587 1574; x_wconf 88' lang='lat' dir='ltr'>horrea</span> <span class='ocrx_word' id='word_1_47' title='bbox 604 1507 636 1574; x_wconf 96' lang='lat' dir='ltr'>in</span> <span class='ocrx_word' id='word_1_48' title='bbox 662 1508 736 1593; x_wconf 87' lang='lat' dir='ltr'>qui-</span> 
     </span>
     <span class='ocr_line' id='line_1_15' title="bbox 311 1621 679 1687; baseline 0 -1"><span class='ocrx_word' id='word_1_49' title='bbox 311 1621 372 1687; x_wconf 81' lang='lat' dir='ltr'>nus</span> <span class='ocrx_word' id='word_1_50' title='bbox 396 1626 491 1687; x_wconf 92' lang='lat' dir='ltr'>eraut</span> <span class='ocrx_word' id='word_1_51' title='bbox 513 1621 679 1687; x_wconf 79' lang='lat' dir='ltr'>frumenta</span> 
     </span>
     <span class='ocr_line' id='line_1_16' title="bbox 311 1731 713 1801; baseline 0.002 -2"><span class='ocrx_word' id='word_1_52' title='bbox 311 1731 400 1800; x_wconf 86' lang='lat' dir='ltr'>dedit</span> <span class='ocrx_word' id='word_1_53' title='bbox 423 1731 488 1800; x_wconf 90' lang='lat' dir='ltr'>illis</span> <span class='ocrx_word' id='word_1_54' title='bbox 512 1739 549 1801; x_wconf 90' lang='lat' dir='ltr'>ut</span> <span class='ocrx_word' id='word_1_55' title='bbox 573 1733 713 1801; x_wconf 91' lang='lat' dir='ltr'>maudu-</span> 
     </span>
     <span class='ocr_line' id='line_1_17' title="bbox 312 1845 707 1931; baseline 0.003 -17"><span class='ocrx_word' id='word_1_56' title='bbox 312 1854 422 1914; x_wconf 82' lang='lat' dir='ltr'>carent</span> <span class='ocrx_word' id='word_1_57' title='bbox 446 1845 479 1914; x_wconf 94' lang='lat' dir='ltr'>iu</span> <span class='ocrx_word' id='word_1_58' title='bbox 505 1846 612 1931; x_wconf 92' lang='lat' dir='ltr'>primo</span> <span class='ocrx_word' id='word_1_59' title='bbox 652 1865 707 1914; x_wconf 91' lang='lat' dir='ltr'>an-</span> 
     </span>
     <span class='ocr_line' id='line_1_18' title="bbox 312 1958 730 2045; baseline 0.005 -19"><span class='ocrx_word' id='word_1_60' title='bbox 312 1976 354 2026; x_wconf 92' lang='lat' dir='ltr'>no</span> <span class='ocrx_word' id='word_1_61' title='bbox 379 1958 453 2045; x_wconf 91' lang='lat' dir='ltr'>quia</span> <span class='ocrx_word' id='word_1_62' title='bbox 474 1959 641 2028; x_wconf 87' lang='lat' dir='ltr'>uendebat</span> <span class='ocrx_word' id='word_1_63' title='bbox 666 1959 730 2028; x_wconf 91' lang='lat' dir='ltr'>iilis</span> 
     </span>
    </p>

    <p class='ocr_par' dir='ltr' id='par_1_7' title="bbox 255 2061 747 4082">
     <span class='ocr_line' id='line_1_19' title="bbox 255 2061 671 2138; baseline 0 0"><span class='ocrx_word' id='word_1_64' title='bbox 255 2061 265 2080; x_wconf 82' lang='grc'><strong>”</strong></span> <span class='ocrx_word' id='word_1_65' title='bbox 291 2069 465 2138; x_wconf 79' lang='lat' dir='ltr'>conualuit</span> <span class='ocrx_word' id='word_1_66' title='bbox 488 2077 600 2138; x_wconf 88' lang='lat' dir='ltr'>autem</span> <span class='ocrx_word' id='word_1_67' title='bbox 624 2071 671 2138; x_wconf 89' lang='lat' dir='ltr'>ia-</span> 
     </span>
     <span class='ocr_line' id='line_1_20' title="bbox 311 2183 702 2253; baseline 0.005 -2"><span class='ocrx_word' id='word_1_68' title='bbox 311 2184 372 2252; x_wconf 92' lang='lat' dir='ltr'>mis</span> <span class='ocrx_word' id='word_1_69' title='bbox 397 2183 428 2250; x_wconf 95' lang='lat' dir='ltr'>in</span> <span class='ocrx_word' id='word_1_70' title='bbox 455 2192 542 2252; x_wconf 90' lang='lat' dir='ltr'>terra</span> <span class='ocrx_word' id='word_1_71' title='bbox 568 2201 702 2253; x_wconf 91' lang='lat' dir='ltr'>canaam</span> 
     </span>
     <span class='ocr_line' id='line_1_21' title="bbox 310 2296 683 2366; baseline 0 -2"><span class='ocrx_word' id='word_1_72' title='bbox 310 2297 405 2366; x_wconf 88' lang='lat' dir='ltr'>ualde</span> <span class='ocrx_word' id='word_1_73' title='bbox 428 2304 462 2366; x_wconf 92' lang='lat' dir='ltr'>et</span> <span class='ocrx_word' id='word_1_74' title='bbox 485 2296 613 2365; x_wconf 91' lang='lat' dir='ltr'>audiuit</span> <span class='ocrx_word' id='word_1_75' title='bbox 635 2297 683 2364; x_wconf 90' lang='lat' dir='ltr'>ia-</span> 
     </span>
     <span class='ocr_line' id='line_1_22' title="bbox 309 2409 689 2497; baseline -0.003 -19"><span class='ocrx_word' id='word_1_76' title='bbox 309 2411 370 2478; x_wconf 88' lang='lat' dir='ltr'>cob</span> <span class='ocrx_word' id='word_1_77' title='bbox 394 2411 483 2497; x_wconf 87' lang='lat' dir='ltr'>quod</span> <span class='ocrx_word' id='word_1_78' title='bbox 506 2417 596 2480; x_wconf 87' lang='lat' dir='ltr'>esset</span> <span class='ocrx_word' id='word_1_79' title='bbox 617 2409 689 2478; x_wconf 85' lang='lat' dir='ltr'>iru-</span> 
     </span>
     <span class='ocr_line' id='line_1_23' title="bbox 309 2525 713 2610; baseline 0.007 -19"><span class='ocrx_word' id='word_1_80' title='bbox 309 2531 457 2592; x_wconf 90' lang='lat' dir='ltr'>mentum</span> <span class='ocrx_word' id='word_1_81' title='bbox 479 2525 514 2594; x_wconf 94' lang='lat' dir='ltr'>in</span> <span class='ocrx_word' id='word_1_82' title='bbox 537 2531 713 2610; x_wconf 80' lang='lat' dir='ltr'>aegyptum</span> 
     </span>
     <span class='ocr_line' id='line_1_24' title="bbox 309 2638 678 2706; baseline 0.003 -1"><span class='ocrx_word' id='word_1_83' title='bbox 309 2645 341 2706; x_wconf 91' lang='lat' dir='ltr'>et</span> <span class='ocrx_word' id='word_1_84' title='bbox 364 2638 455 2706; x_wconf 88' lang='lat' dir='ltr'>misit</span> <span class='ocrx_word' id='word_1_85' title='bbox 478 2638 593 2706; x_wconf 90' lang='lat' dir='ltr'>decem</span> <span class='ocrx_word' id='word_1_86' title='bbox 616 2639 678 2706; x_wconf 87' lang='lat' dir='ltr'>titi-</span> 
     </span>
     <span class='ocr_line' id='line_1_25' title="bbox 310 2750 723 2836; baseline 0.01 -20"><span class='ocrx_word' id='word_1_87' title='bbox 310 2767 347 2817; x_wconf 88' lang='lat' dir='ltr'>os</span> <span class='ocrx_word' id='word_1_88' title='bbox 371 2767 451 2818; x_wconf 90' lang='lat' dir='ltr'>suos</span> <span class='ocrx_word' id='word_1_89' title='bbox 474 2757 512 2818; x_wconf 93' lang='lat' dir='ltr'>ut</span> <span class='ocrx_word' id='word_1_90' title='bbox 535 2750 723 2836; x_wconf 90' lang='lat' dir='ltr'>acciperent</span> 
     </span>
     <span class='ocr_line' id='line_1_26' title="bbox 310 2863 701 2932; baseline 0.003 -1"><span class='ocrx_word' id='word_1_91' title='bbox 310 2863 372 2932; x_wconf 87' lang='lat' dir='ltr'>sibi</span> <span class='ocrx_word' id='word_1_92' title='bbox 396 2881 506 2932; x_wconf 88' lang='lat' dir='ltr'>escam</span> <span class='ocrx_word' id='word_1_93' title='bbox 531 2871 564 2932; x_wconf 89' lang='lat' dir='ltr'>et</span> <span class='ocrx_word' id='word_1_94' title='bbox 587 2863 701 2932; x_wconf 84' lang='lat' dir='ltr'>hania-</span> 
     </span>
     <span class='ocr_line' id='line_1_27' title="bbox 307 2977 643 3045; baseline -0.003 -2"><span class='ocrx_word' id='word_1_95' title='bbox 307 2977 643 3045; x_wconf 64' lang='lat' dir='ltr'>mmmm</span> 
     </span>
     <span class='ocr_line' id='line_1_28' title="bbox 311 3077 683 3158; baseline 0 -2"><span class='ocrx_word' id='word_1_96' title='bbox 311 3088 353 3156; x_wconf 91' lang='lat' dir='ltr'>sit</span> <span class='ocrx_word' id='word_1_97' title='bbox 376 3107 451 3158; x_wconf 89' lang='lat' dir='ltr'>oum</span> <span class='ocrx_word' id='word_1_98' title='bbox 476 3089 524 3156; x_wconf 90' lang='lat' dir='ltr'>eis</span> <span class='ocrx_word' id='word_1_99' title='bbox 601 3079 608 3094; x_wconf 84' lang='lat'>&#39;</span> <span class='ocrx_word' id='word_1_100' title='bbox 678 3077 683 3088; x_wconf 84' lang='lat'>&#39;</span> 
     </span>
     <span class='ocr_line' id='line_1_29' title="bbox 285 3201 690 3270; baseline 0.002 -3"><span class='ocrx_word' id='word_1_101' title='bbox 285 3203 326 3268; x_wconf 80' lang='lat' dir='ltr'>nr</span> <span class='ocrx_word' id='word_1_102' title='bbox 350 3202 556 3270; x_wconf 90' lang='lat' dir='ltr'>aduenerunt</span> <span class='ocrx_word' id='word_1_103' title='bbox 579 3201 612 3268; x_wconf 95' lang='lat' dir='ltr'>in</span> <span class='ocrx_word' id='word_1_104' title='bbox 636 3219 690 3269; x_wconf 83' lang='lat' dir='ltr'>ae-</span> 
     </span>
     <span class='ocr_line' id='line_1_30' title="bbox 308 3315 747 3402; baseline 0.005 -18"><span class='ocrx_word' id='word_1_105' title='bbox 308 3323 408 3402; x_wconf 79' lang='lat' dir='ltr'>gypso</span> <span class='ocrx_word' id='word_1_106' title='bbox 433 3316 548 3384; x_wconf 89' lang='lat' dir='ltr'>decem</span> <span class='ocrx_word' id='word_1_107' title='bbox 571 3315 629 3384; x_wconf 85' lang='lat' dir='ltr'>filii</span> <span class='ocrx_word' id='word_1_108' title='bbox 653 3317 747 3386; x_wconf 87' lang='lat' dir='ltr'>iacob</span> 
     </span>
     <span class='ocr_line' id='line_1_31' title="bbox 306 3429 676 3514; baseline 0.003 -18"><span class='ocrx_word' id='word_1_109' title='bbox 306 3437 340 3496; x_wconf 87' lang='lat' dir='ltr'>et</span> <span class='ocrx_word' id='word_1_110' title='bbox 364 3429 520 3514; x_wconf 81' lang='lat' dir='ltr'>cognouit</span> <span class='ocrx_word' id='word_1_111' title='bbox 543 3447 602 3498; x_wconf 90' lang='lat' dir='ltr'>eos</span> <span class='ocrx_word' id='word_1_112' title='bbox 626 3431 676 3497; x_wconf 91' lang='lat' dir='ltr'>io-</span> 
     </span>
     <span class='ocr_line' id='line_1_32' title="bbox 306 3541 747 3629; baseline 0.005 -19"><span class='ocrx_word' id='word_1_113' title='bbox 306 3543 399 3628; x_wconf 90' lang='lat' dir='ltr'>seph·</span> <span class='ocrx_word' id='word_1_114' title='bbox 424 3545 465 3610; x_wconf 80' lang='lat' dir='ltr'>Et</span> <span class='ocrx_word' id='word_1_115' title='bbox 489 3541 552 3627; x_wconf 91' lang='lat' dir='ltr'>ipsi</span> <span class='ocrx_word' id='word_1_116' title='bbox 576 3559 643 3610; x_wconf 91' lang='lat' dir='ltr'>non</span> <span class='ocrx_word' id='word_1_117' title='bbox 668 3559 747 3629; x_wconf 82' lang='lat' dir='ltr'>cog-</span> 
     </span>
     <span class='ocr_line' id='line_1_33' title="bbox 308 3663 632 3725; baseline 0.003 -2"><span class='ocrx_word' id='word_1_118' title='bbox 308 3663 475 3725; x_wconf 88' lang='lat' dir='ltr'>nouerunt</span> <span class='ocrx_word' id='word_1_119' title='bbox 498 3673 575 3724; x_wconf 91' lang='lat' dir='ltr'>eum</span> <span class='ocrx_word' id='word_1_120' title='bbox 599 3663 632 3724; x_wconf 89' lang='lat' dir='ltr'>et</span> 
     </span>
     <span class='ocr_line' id='line_1_34' title="bbox 307 3767 738 3861; baseline 0.005 -27"><span class='ocrx_word' id='word_1_121' title='bbox 307 3767 493 3855; x_wconf 84' lang='lat' dir='ltr'>appellauit</span> <span class='ocrx_word' id='word_1_122' title='bbox 508 3785 567 3836; x_wconf 90' lang='lat' dir='ltr'>eos</span> <span class='ocrx_word' id='word_1_123' title='bbox 590 3767 707 3854; x_wconf 87' lang='lat' dir='ltr'>ioseph</span> <span class='ocrx_word' id='word_1_124' title='bbox 728 3827 738 3861; x_wconf 47' lang='lat' dir='ltr'><em>s</em></span> 
     </span>
     <span class='ocr_line' id='line_1_35' title="bbox 306 3881 701 3951; baseline 0 -1"><span class='ocrx_word' id='word_1_125' title='bbox 306 3882 389 3951; x_wconf 93' lang='lat' dir='ltr'>dure</span> <span class='ocrx_word' id='word_1_126' title='bbox 412 3889 446 3950; x_wconf 91' lang='lat' dir='ltr'>et</span> <span class='ocrx_word' id='word_1_127' title='bbox 469 3882 551 3950; x_wconf 80' lang='lat' dir='ltr'>dixit</span> <span class='ocrx_word' id='word_1_128' title='bbox 575 3881 623 3950; x_wconf 90' lang='lat' dir='ltr'>eis</span> <span class='ocrx_word' id='word_1_129' title='bbox 647 3901 701 3950; x_wconf 83' lang='lat' dir='ltr'>ex-</span> 
     </span>
     <span class='ocr_line' id='line_1_36' title="bbox 309 3995 667 4082; baseline 0.006 -19"><span class='ocrx_word' id='word_1_130' title='bbox 309 3995 439 4082; x_wconf 85' lang='lat' dir='ltr'>plorare</span> <span class='ocrx_word' id='word_1_131' title='bbox 463 4002 586 4066; x_wconf 89' lang='lat' dir='ltr'>terram</span> <span class='ocrx_word' id='word_1_132' title='bbox 608 4014 667 4065; x_wconf 80' lang='lat' dir='ltr'>ae-</span> 
     </span>
    </p>

    <p class='ocr_par' dir='ltr' id='par_1_8' title="bbox 206 4109 696 4180">
     <span class='ocr_line' id='line_1_37' title="bbox 206 4109 696 4180; baseline 0 -2"><span class='ocrx_word' id='word_1_133' title='bbox 206 4123 211 4130; x_wconf 83' lang='lat'>·</span> <span class='ocrx_word' id='word_1_134' title='bbox 306 4110 401 4180; x_wconf 89' lang='lat' dir='ltr'>nistis</span> <span class='ocrx_word' id='word_1_135' title='bbox 425 4118 459 4178; x_wconf 92' lang='lat' dir='ltr'>et</span> <span class='ocrx_word' id='word_1_136' title='bbox 481 4109 615 4178; x_wconf 88' lang='lat' dir='ltr'>inclusit</span> <span class='ocrx_word' id='word_1_137' title='bbox 637 4127 696 4178; x_wconf 92' lang='lat' dir='ltr'>eos</span> 
     </span>
    </p>

    <p class='ocr_par' dir='ltr' id='par_1_9' title="bbox 283 4223 644 4292">
     <span class='ocr_line' id='line_1_38' title="bbox 283 4223 644 4292; baseline 0 -2"><span class='ocrx_word' id='word_1_138' title='bbox 283 4227 324 4291; x_wconf 80' lang='lat' dir='ltr'>m</span> <span class='ocrx_word' id='word_1_139' title='bbox 346 4223 481 4292; x_wconf 91' lang='lat' dir='ltr'>mittens</span> <span class='ocrx_word' id='word_1_140' title='bbox 504 4223 644 4292; x_wconf 92' lang='lat' dir='ltr'>arcessi-</span> 
     </span>
    </p>

    <p class='ocr_par' dir='ltr' id='par_1_10' title="bbox 305 4335 699 4422">
     <span class='ocr_line' id='line_1_39' title="bbox 305 4335 699 4422; baseline 0.003 -18"><span class='ocrx_word' id='word_1_141' title='bbox 305 4337 354 4404; x_wconf 91' lang='lat' dir='ltr'>uit</span> <span class='ocrx_word' id='word_1_142' title='bbox 377 4336 452 4404; x_wconf 91' lang='lat' dir='ltr'>iltos</span> <span class='ocrx_word' id='word_1_143' title='bbox 476 4343 509 4405; x_wconf 91' lang='lat' dir='ltr'>et</span> <span class='ocrx_word' id='word_1_144' title='bbox 533 4335 699 4422; x_wconf 79' lang='lat' dir='ltr'>accipiens</span> 
     </span>
    </p>

    <p class='ocr_par' dir='ltr' id='par_1_11' title="bbox 305 4453 666 4539">
     <span class='ocr_line' id='line_1_40' title="bbox 305 4453 666 4539; baseline -0.003 -18"><span class='ocrx_word' id='word_1_145' title='bbox 305 4469 497 4537; x_wconf 82' lang='lat' dir='ltr'>symeonem</span> <span class='ocrx_word' id='word_1_146' title='bbox 521 4453 561 4521; x_wconf 90' lang='lat' dir='ltr'>ab</span> <span class='ocrx_word' id='word_1_147' title='bbox 585 4453 666 4539; x_wconf 89' lang='lat' dir='ltr'>ipsis</span> 
     </span>
    </p>

    <p class='ocr_par' dir='ltr' id='par_1_12' title="bbox 307 4563 724 4650">
     <span class='ocr_line' id='line_1_41' title="bbox 307 4563 724 4650; baseline 0.01 -19"><span class='ocrx_word' id='word_1_148' title='bbox 307 4563 420 4650; x_wconf 74' lang='lat' dir='ltr'>ligauit</span> <span class='ocrx_word' id='word_1_149' title='bbox 442 4581 519 4635; x_wconf 88' lang='lat' dir='ltr'>eum</span> <span class='ocrx_word' id='word_1_150' title='bbox 543 4571 577 4634; x_wconf 90' lang='lat' dir='ltr'>et</span> <span class='ocrx_word' id='word_1_151' title='bbox 600 4582 724 4634; x_wconf 90' lang='lat' dir='ltr'>nouem</span> 
     </span>
    </p>

    <p class='ocr_par' dir='ltr' id='par_1_13' title="bbox 306 4677 684 4748">
     <span class='ocr_line' id='line_1_42' title="bbox 306 4677 684 4748; baseline 0.003 -4"><span class='ocrx_word' id='word_1_152' title='bbox 306 4677 423 4748; x_wconf 85' lang='lat' dir='ltr'>tratres</span> <span class='ocrx_word' id='word_1_153' title='bbox 447 4695 527 4748; x_wconf 90' lang='lat' dir='ltr'>suos</span> <span class='ocrx_word' id='word_1_154' title='bbox 551 4677 684 4746; x_wconf 85' lang='lat' dir='ltr'>demisit</span> 
     </span>
    </p>

    <p class='ocr_par' dir='ltr' id='par_1_14' title="bbox 307 4791 691 4878">
     <span class='ocr_line' id='line_1_43' title="bbox 307 4791 691 4878; baseline -0.003 -18"><span class='ocrx_word' id='word_1_155' title='bbox 307 4801 340 4860; x_wconf 89' lang='lat' dir='ltr'>et</span> <span class='ocrx_word' id='word_1_156' title='bbox 361 4791 511 4878; x_wconf 86' lang='lat' dir='ltr'>impleuit</span> <span class='ocrx_word' id='word_1_157' title='bbox 533 4809 612 4860; x_wconf 87' lang='lat' dir='ltr'>uasa</span> <span class='ocrx_word' id='word_1_158' title='bbox 636 4807 691 4860; x_wconf 79' lang='lat' dir='ltr'>eo</span> 
     </span>
    </p>

    <p class='ocr_par' dir='ltr' id='par_1_15' title="bbox 307 4905 711 4994">
     <span class='ocr_line' id='line_1_44' title="bbox 307 4905 711 4994; baseline -0.005 -20"><span class='ocrx_word' id='word_1_159' title='bbox 307 4923 380 4974; x_wconf 88' lang='lat' dir='ltr'>rum</span> <span class='ocrx_word' id='word_1_160' title='bbox 401 4913 438 4994; x_wconf 86' lang='lat' dir='ltr'>et</span> <span class='ocrx_word' id='word_1_161' title='bbox 461 4905 635 4992; x_wconf 87' lang='lat' dir='ltr'>pecuniam</span> <span class='ocrx_word' id='word_1_162' title='bbox 661 4906 711 4991; x_wconf 92' lang='lat' dir='ltr'>ip-</span> 
     </span>
    </p>

    <p class='ocr_par' dir='ltr' id='par_1_16' title="bbox 307 5017 677 5088">
     <span class='ocr_line' id='line_1_45' title="bbox 307 5017 677 5088; baseline -0.003 -1"><span class='ocrx_word' id='word_1_163' title='bbox 307 5035 420 5088; x_wconf 92' lang='lat' dir='ltr'>sorum</span> <span class='ocrx_word' id='word_1_164' title='bbox 444 5019 589 5088; x_wconf 83' lang='lat' dir='ltr'>reddidit</span> <span class='ocrx_word' id='word_1_165' title='bbox 612 5017 677 5086; x_wconf 87' lang='lat' dir='ltr'>iltis</span> 
     </span>
    </p>

    <p class='ocr_par' dir='ltr' id='par_1_17' title="bbox 305 5131 680 5202">
     <span class='ocr_line' id='line_1_46' title="bbox 305 5131 680 5202; baseline -0.003 -2"><span class='ocrx_word' id='word_1_166' title='bbox 305 5141 339 5200; x_wconf 90' lang='lat' dir='ltr'>et</span> <span class='ocrx_word' id='word_1_167' title='bbox 361 5131 531 5202; x_wconf 89' lang='lat' dir='ltr'>mandauit</span> <span class='ocrx_word' id='word_1_168' title='bbox 554 5131 619 5200; x_wconf 90' lang='lat' dir='ltr'>iilis</span> <span class='ocrx_word' id='word_1_169' title='bbox 639 5131 680 5200; x_wconf 87' lang='lat' dir='ltr'>de</span> 
     </span>
    </p>

    <p class='ocr_par' dir='ltr' id='par_1_18' title="bbox 307 5243 647 5314">
     <span class='ocr_line' id='line_1_47' title="bbox 307 5243 647 5314; baseline 0 -2"><span class='ocrx_word' id='word_1_170' title='bbox 307 5243 408 5314; x_wconf 81' lang='lat' dir='ltr'>tratre</span> <span class='ocrx_word' id='word_1_171' title='bbox 432 5262 495 5313; x_wconf 91' lang='lat' dir='ltr'>suo</span> <span class='ocrx_word' id='word_1_172' title='bbox 519 5245 647 5314; x_wconf 91' lang='lat' dir='ltr'>iuniore</span> 
     </span>
    </p>

    <p class='ocr_par' dir='ltr' id='par_1_19' title="bbox 306 5357 684 5426">
     <span class='ocr_line' id='line_1_48' title="bbox 306 5357 684 5426; baseline 0 -2"><span class='ocrx_word' id='word_1_173' title='bbox 306 5365 343 5425; x_wconf 89' lang='lat' dir='ltr'>ut</span> <span class='ocrx_word' id='word_1_174' title='bbox 366 5357 567 5426; x_wconf 79' lang='lat' dir='ltr'>adducerent</span> <span class='ocrx_word' id='word_1_175' title='bbox 590 5357 684 5426; x_wconf 90' lang='lat' dir='ltr'>itturu</span> 
     </span>
    </p>

    <p class='ocr_par' dir='ltr' id='par_1_20' title="bbox 220 5469 649 5540">
     <span class='ocr_line' id='line_1_49' title="bbox 220 5469 649 5540; baseline -0.005 -2"><span class='ocrx_word' id='word_1_176' title='bbox 220 5477 227 5488; x_wconf 84' lang='lat'>&#39;</span> <span class='ocrx_word' id='word_1_177' title='bbox 282 5473 324 5538; x_wconf 87' lang='lat' dir='ltr'>Et</span> <span class='ocrx_word' id='word_1_178' title='bbox 346 5471 568 5540; x_wconf 91' lang='lat' dir='ltr'>ascenderunt</span> <span class='ocrx_word' id='word_1_179' title='bbox 592 5469 649 5537; x_wconf 87' lang='lat' dir='ltr'>diii</span> 
     </span>
    </p>

    <p class='ocr_par' dir='ltr' id='par_1_21' title="bbox 249 5584 731 5794">
     <span class='ocr_line' id='line_1_50' title="bbox 249 5584 731 5669; baseline 0.002 -19"><span class='ocrx_word' id='word_1_180' title='bbox 249 5601 254 5610; x_wconf 93' lang='lat'><strong>·</strong></span> <span class='ocrx_word' id='word_1_181' title='bbox 308 5584 401 5654; x_wconf 88' lang='lat' dir='ltr'>iacob</span> <span class='ocrx_word' id='word_1_182' title='bbox 425 5585 466 5653; x_wconf 90' lang='lat' dir='ltr'>dc</span> <span class='ocrx_word' id='word_1_183' title='bbox 490 5591 578 5653; x_wconf 92' lang='lat' dir='ltr'>terra</span> <span class='ocrx_word' id='word_1_184' title='bbox 601 5584 731 5669; x_wconf 74' lang='lat' dir='ltr'>aegypti</span> 
     </span>
     <span class='ocr_line' id='line_1_51' title="bbox 307 5697 730 5794; baseline 0 -28"><span class='ocrx_word' id='word_1_185' title='bbox 307 5705 341 5766; x_wconf 87' lang='lat' dir='ltr'>et</span> <span class='ocrx_word' id='word_1_186' title='bbox 363 5703 530 5794; x_wconf 79' lang='lat' dir='ltr'>uenerunt</span> <span class='ocrx_word' id='word_1_187' title='bbox 552 5697 585 5766; x_wconf 93' lang='lat' dir='ltr'>in</span> <span class='ocrx_word' id='word_1_188' title='bbox 609 5705 730 5768; x_wconf 85' lang='lat' dir='ltr'>terram</span> 
     </span>
    </p>
   </div>
   <div class='ocr_carea' id='block_1_7' title="bbox 1201 613 1548 692">
    <p class='ocr_par' dir='ltr' id='par_1_22' title="bbox 1201 613 1548 692">
     <span class='ocr_line' id='line_1_52' title="bbox 1201 613 1548 692; baseline 0.006 -20"><span class='ocrx_word' id='word_1_189' title='bbox 1201 623 1342 692; x_wconf 87' lang='lat' dir='ltr'>cumque</span> <span class='ocrx_word' id='word_1_190' title='bbox 1367 613 1548 674; x_wconf 87' lang='lat' dir='ltr'>euenerant</span> 
     </span>
    </p>
   </div>
   <div class='ocr_carea' id='block_1_8' title="bbox 1087 715 1592 804">
    <p class='ocr_par' dir='ltr' id='par_1_23' title="bbox 1087 715 1592 804">
     <span class='ocr_line' id='line_1_53' title="bbox 1087 715 1592 804; baseline -0.002 -16"><span class='ocrx_word' id='word_1_191' title='bbox 1087 781 1094 788; x_wconf 90' lang='lat'><em>.</em></span> <span class='ocrx_word' id='word_1_192' title='bbox 1204 715 1251 784; x_wconf 91' lang='lat' dir='ltr'>cis</span> <span class='ocrx_word' id='word_1_193' title='bbox 1277 725 1310 785; x_wconf 90' lang='lat' dir='ltr'>et</span> <span class='ocrx_word' id='word_1_194' title='bbox 1335 719 1504 804; x_wconf 88' lang='lat' dir='ltr'>quomodo</span> <span class='ocrx_word' id='word_1_195' title='bbox 1529 720 1592 787; x_wconf 90' lang='lat' dir='ltr'>du·</span> 
     </span>
    </p>
   </div>
   <div class='ocr_carea' id='block_1_9' title="bbox 1176 829 1658 3060">
    <p class='ocr_par' dir='ltr' id='par_1_24' title="bbox 1199 829 1658 1460">
     <span class='ocr_line' id='line_1_54' title="bbox 1202 829 1572 900; baseline 0.014 -5"><span class='ocrx_word' id='word_1_196' title='bbox 1202 847 1238 897; x_wconf 91' lang='lat' dir='ltr'>re</span> <span class='ocrx_word' id='word_1_197' title='bbox 1263 829 1395 899; x_wconf 88' lang='lat' dir='ltr'>locutus</span> <span class='ocrx_word' id='word_1_198' title='bbox 1421 839 1472 900; x_wconf 90' lang='lat' dir='ltr'>est</span> <span class='ocrx_word' id='word_1_199' title='bbox 1497 849 1572 900; x_wconf 90' lang='lat' dir='ltr'>cum</span> 
     </span>
     <span class='ocr_line' id='line_1_55' title="bbox 1202 941 1563 1028; baseline 0.014 -21"><span class='ocrx_word' id='word_1_200' title='bbox 1202 941 1250 1009; x_wconf 87' lang='lat' dir='ltr'>eis</span> <span class='ocrx_word' id='word_1_201' title='bbox 1275 943 1431 1028; x_wconf 89' lang='lat' dir='ltr'>princeps</span> <span class='ocrx_word' id='word_1_202' title='bbox 1456 950 1563 1013; x_wconf 91' lang='lat' dir='ltr'>terrae</span> 
     </span>
     <span class='ocr_line' id='line_1_56' title="bbox 1201 1053 1565 1140; baseline 0.011 -21"><span class='ocrx_word' id='word_1_203' title='bbox 1201 1059 1235 1120; x_wconf 87' lang='lat' dir='ltr'>et</span> <span class='ocrx_word' id='word_1_204' title='bbox 1259 1053 1409 1122; x_wconf 89' lang='lat' dir='ltr'>detenuit</span> <span class='ocrx_word' id='word_1_205' title='bbox 1434 1071 1565 1140; x_wconf 91' lang='lat' dir='ltr'>symeo-</span> 
     </span>
     <span class='ocr_line' id='line_1_57' title="bbox 1200 1170 1658 1253; baseline 0.017 -21"><span class='ocrx_word' id='word_1_206' title='bbox 1200 1184 1276 1234; x_wconf 92' lang='lat' dir='ltr'>nem</span> <span class='ocrx_word' id='word_1_207' title='bbox 1301 1185 1475 1253; x_wconf 87' lang='lat' dir='ltr'>quousque</span> <span class='ocrx_word' id='word_1_208' title='bbox 1501 1170 1658 1240; x_wconf 78' lang='lat' dir='ltr'>exhibea·</span> 
     </span>
     <span class='ocr_line' id='line_1_58' title="bbox 1199 1279 1613 1350; baseline 0.012 -5"><span class='ocrx_word' id='word_1_209' title='bbox 1199 1296 1274 1346; x_wconf 90' lang='lat' dir='ltr'>mus</span> <span class='ocrx_word' id='word_1_210' title='bbox 1299 1279 1346 1345; x_wconf 91' lang='lat' dir='ltr'>iili</span> <span class='ocrx_word' id='word_1_211' title='bbox 1370 1279 1507 1348; x_wconf 83' lang='lat' dir='ltr'>tratrem</span> <span class='ocrx_word' id='word_1_212' title='bbox 1532 1299 1613 1350; x_wconf 92' lang='lat' dir='ltr'>uos-</span> 
     </span>
     <span class='ocr_line' id='line_1_59' title="bbox 1200 1391 1489 1460; baseline 0.007 -2"><span class='ocrx_word' id='word_1_213' title='bbox 1200 1399 1289 1459; x_wconf 89' lang='lat' dir='ltr'>trum</span> <span class='ocrx_word' id='word_1_214' title='bbox 1313 1391 1489 1460; x_wconf 85' lang='lat' dir='ltr'>beniamin·</span> 
     </span>
    </p>

    <p class='ocr_par' dir='ltr' id='par_1_25' title="bbox 1176 1505 1601 2043">
     <span class='ocr_line' id='line_1_60' title="bbox 1176 1505 1600 1590; baseline 0.007 -19"><span class='ocrx_word' id='word_1_215' title='bbox 1176 1507 1216 1572; x_wconf 85' lang='lat' dir='ltr'>nt</span> <span class='ocrx_word' id='word_1_216' title='bbox 1241 1505 1442 1590; x_wconf 86' lang='lat' dir='ltr'>dinitiacob</span> <span class='ocrx_word' id='word_1_217' title='bbox 1467 1506 1539 1574; x_wconf 90' lang='lat' dir='ltr'>sine</span> <span class='ocrx_word' id='word_1_218' title='bbox 1564 1509 1600 1574; x_wconf 90' lang='lat' dir='ltr'>n-</span> 
     </span>
     <span class='ocr_line' id='line_1_61' title="bbox 1199 1617 1550 1688; baseline 0.014 -5"><span class='ocrx_word' id='word_1_219' title='bbox 1199 1617 1250 1685; x_wconf 87' lang='lat' dir='ltr'>iiis</span> <span class='ocrx_word' id='word_1_220' title='bbox 1274 1635 1328 1685; x_wconf 93' lang='lat' dir='ltr'>me</span> <span class='ocrx_word' id='word_1_221' title='bbox 1353 1619 1478 1687; x_wconf 82' lang='lat' dir='ltr'>fecistis</span> <span class='ocrx_word' id='word_1_222' title='bbox 1503 1622 1550 1688; x_wconf 90' lang='lat' dir='ltr'>io-</span> 
     </span>
     <span class='ocr_line' id='line_1_62' title="bbox 1197 1729 1601 1817; baseline 0.017 -23"><span class='ocrx_word' id='word_1_223' title='bbox 1197 1729 1279 1814; x_wconf 86' lang='lat' dir='ltr'>seph</span> <span class='ocrx_word' id='word_1_224' title='bbox 1305 1747 1371 1797; x_wconf 91' lang='lat' dir='ltr'>nou</span> <span class='ocrx_word' id='word_1_225' title='bbox 1397 1739 1458 1798; x_wconf 88' lang='lat' dir='ltr'>est·</span> <span class='ocrx_word' id='word_1_226' title='bbox 1483 1738 1516 1800; x_wconf 86' lang='lat' dir='ltr'>et</span> <span class='ocrx_word' id='word_1_227' title='bbox 1542 1751 1601 1817; x_wconf 87' lang='lat' dir='ltr'>sy-</span> 
     </span>
     <span class='ocr_line' id='line_1_63' title="bbox 1197 1846 1599 1914; baseline 0.012 -6"><span class='ocrx_word' id='word_1_228' title='bbox 1197 1859 1295 1910; x_wconf 90' lang='lat' dir='ltr'>meon</span> <span class='ocrx_word' id='word_1_229' title='bbox 1321 1861 1388 1911; x_wconf 93' lang='lat' dir='ltr'>non</span> <span class='ocrx_word' id='word_1_230' title='bbox 1413 1853 1464 1912; x_wconf 89' lang='lat' dir='ltr'>est</span> <span class='ocrx_word' id='word_1_231' title='bbox 1488 1846 1599 1914; x_wconf 83' lang='lat' dir='ltr'>benia-</span> 
     </span>
     <span class='ocr_line' id='line_1_64' title="bbox 1197 1955 1538 2043; baseline 0.018 -22"><span class='ocrx_word' id='word_1_232' title='bbox 1197 1955 1265 2022; x_wconf 92' lang='lat' dir='ltr'>min</span> <span class='ocrx_word' id='word_1_233' title='bbox 1290 1957 1317 2024; x_wconf 89' lang='lat' dir='ltr'>si</span> <span class='ocrx_word' id='word_1_234' title='bbox 1342 1959 1538 2043; x_wconf 82' lang='lat' dir='ltr'>acceperitis</span> 
     </span>
    </p>

    <p class='ocr_par' dir='ltr' id='par_1_26' title="bbox 1195 2067 1538 2252">
     <span class='ocr_line' id='line_1_65' title="bbox 1198 2067 1538 2158; baseline 0.024 -26"><span class='ocrx_word' id='word_1_235' title='bbox 1198 2067 1230 2134; x_wconf 95' lang='lat' dir='ltr'>in</span> <span class='ocrx_word' id='word_1_236' title='bbox 1256 2085 1309 2138; x_wconf 90' lang='lat' dir='ltr'>me</span> <span class='ocrx_word' id='word_1_237' title='bbox 1334 2078 1367 2138; x_wconf 93' lang='lat' dir='ltr'>et</span> <span class='ocrx_word' id='word_1_238' title='bbox 1392 2071 1538 2158; x_wconf 90' lang='lat' dir='ltr'>impletis</span> 
     </span>
     <span class='ocr_line' id='line_1_66' title="bbox 1195 2175 1533 2252; baseline 0.021 -6"><span class='ocrx_word' id='word_1_239' title='bbox 1195 2180 1352 2250; x_wconf 91' lang='lat' dir='ltr'>malitiam</span> <span class='ocrx_word' id='word_1_240' title='bbox 1377 2175 1533 2252; x_wconf 87' lang='lat' dir='ltr'>uestram·</span> 
     </span>
    </p>

    <p class='ocr_par' dir='ltr' id='par_1_27' title="bbox 1179 2295 1607 2953">
     <span class='ocr_line' id='line_1_67' title="bbox 1195 2295 1607 2367; baseline 0.015 -6"><span class='ocrx_word' id='word_1_241' title='bbox 1195 2301 1228 2362; x_wconf 89' lang='lat' dir='ltr'>et</span> <span class='ocrx_word' id='word_1_242' title='bbox 1252 2295 1342 2364; x_wconf 84' lang='lat' dir='ltr'>dixit·</span> <span class='ocrx_word' id='word_1_243' title='bbox 1370 2316 1437 2366; x_wconf 95' lang='lat' dir='ltr'>non</span> <span class='ocrx_word' id='word_1_244' title='bbox 1460 2298 1522 2366; x_wconf 89' lang='lat' dir='ltr'>ibit</span> <span class='ocrx_word' id='word_1_245' title='bbox 1546 2299 1607 2367; x_wconf 84' lang='lat' dir='ltr'>fiti-</span> 
     </span>
     <span class='ocr_line' id='line_1_68' title="bbox 1192 2411 1555 2480; baseline 0.022 -7"><span class='ocrx_word' id='word_1_246' title='bbox 1192 2425 1231 2474; x_wconf 91' lang='lat' dir='ltr'>us</span> <span class='ocrx_word' id='word_1_247' title='bbox 1254 2425 1350 2478; x_wconf 90' lang='lat' dir='ltr'>meus</span> <span class='ocrx_word' id='word_1_248' title='bbox 1375 2411 1555 2480; x_wconf 88' lang='lat' dir='ltr'>uobiscum</span> 
     </span>
     <span class='ocr_line' id='line_1_69' title="bbox 1193 2523 1562 2607; baseline 0.019 -21"><span class='ocrx_word' id='word_1_249' title='bbox 1193 2539 1233 2588; x_wconf 93' lang='lat' dir='ltr'>ne</span> <span class='ocrx_word' id='word_1_250' title='bbox 1259 2523 1390 2607; x_wconf 90' lang='lat' dir='ltr'>quando</span> <span class='ocrx_word' id='word_1_251' title='bbox 1416 2523 1562 2593; x_wconf 88' lang='lat' dir='ltr'>infirme-</span> 
     </span>
     <span class='ocr_line' id='line_1_70' title="bbox 1192 2633 1567 2722; baseline 0.019 -24"><span class='ocrx_word' id='word_1_252' title='bbox 1192 2633 1303 2700; x_wconf 92' lang='lat' dir='ltr'>turin</span> <span class='ocrx_word' id='word_1_253' title='bbox 1329 2635 1381 2702; x_wconf 93' lang='lat' dir='ltr'>uia</span> <span class='ocrx_word' id='word_1_254' title='bbox 1406 2637 1567 2722; x_wconf 87' lang='lat' dir='ltr'>quoniam</span> 
     </span>
     <span class='ocr_line' id='line_1_71' title="bbox 1190 2746 1513 2838; baseline 0.019 -26"><span class='ocrx_word' id='word_1_255' title='bbox 1190 2746 1253 2815; x_wconf 88' lang='lat' dir='ltr'>hos</span> <span class='ocrx_word' id='word_1_256' title='bbox 1275 2747 1360 2816; x_wconf 93' lang='lat' dir='ltr'>duos</span> <span class='ocrx_word' id='word_1_257' title='bbox 1384 2749 1513 2838; x_wconf 93' lang='lat' dir='ltr'>peperit</span> 
     </span>
     <span class='ocr_line' id='line_1_72' title="bbox 1179 2864 1471 2953; baseline 0.021 -25"><span class='ocrx_word' id='word_1_258' title='bbox 1179 2869 1296 2953; x_wconf 54' lang='lat' dir='ltr'>‚mater</span> <span class='ocrx_word' id='word_1_259' title='bbox 1321 2864 1471 2950; x_wconf 91' lang='lat' dir='ltr'>ipsorum</span> 
     </span>
    </p>

    <p class='ocr_par' dir='ltr' id='par_1_28' title="bbox 1192 2977 1586 3060">
     <span class='ocr_line' id='line_1_73' title="bbox 1192 2977 1586 3060; baseline 0.02 -21"><span class='ocrx_word' id='word_1_260' title='bbox 1192 2993 1278 3042; x_wconf 93' lang='lat' dir='ltr'>unus</span> <span class='ocrx_word' id='word_1_261' title='bbox 1302 2977 1410 3060; x_wconf 90' lang='lat' dir='ltr'>periit·</span> <span class='ocrx_word' id='word_1_262' title='bbox 1438 2985 1472 3046; x_wconf 93' lang='lat' dir='ltr'>et</span> <span class='ocrx_word' id='word_1_263' title='bbox 1496 2980 1586 3046; x_wconf 84' lang='lat' dir='ltr'>irunc</span> 
     </span>
    </p>
   </div>
   <div class='ocr_carea' id='block_1_10' title="bbox 1095 3089 1589 3178">
    <p class='ocr_par' dir='ltr' id='par_1_29' title="bbox 1095 3089 1589 3178">
     <span class='ocr_line' id='line_1_74' title="bbox 1095 3089 1589 3178; baseline 0.02 -26"><span class='ocrx_word' id='word_1_264' title='bbox 1095 3139 1101 3152; x_wconf 95' lang='lat'>.</span> <span class='ocrx_word' id='word_1_265' title='bbox 1190 3089 1217 3156; x_wconf 86' lang='lat' dir='ltr'>si</span> <span class='ocrx_word' id='word_1_266' title='bbox 1242 3093 1436 3178; x_wconf 91' lang='lat' dir='ltr'>acceperitis</span> <span class='ocrx_word' id='word_1_267' title='bbox 1462 3101 1495 3162; x_wconf 89' lang='lat' dir='ltr'>et</span> <span class='ocrx_word' id='word_1_268' title='bbox 1519 3095 1589 3161; x_wconf 85' lang='lat' dir='ltr'>iue-</span> 
     </span>
    </p>
   </div>
   <div class='ocr_carea' id='block_1_11' title="bbox 1167 3201 1676 4644">
    <p class='ocr_par' dir='ltr' id='par_1_30' title="bbox 1167 3201 1676 4513">
     <span class='ocr_line' id='line_1_75' title="bbox 1189 3201 1579 3274; baseline 0.013 -7"><span class='ocrx_word' id='word_1_269' title='bbox 1189 3201 1231 3268; x_wconf 88' lang='lat' dir='ltr'>rit</span> <span class='ocrx_word' id='word_1_270' title='bbox 1254 3202 1302 3268; x_wconf 91' lang='lat' dir='ltr'>iili</span> <span class='ocrx_word' id='word_1_271' title='bbox 1325 3203 1498 3274; x_wconf 84' lang='lat' dir='ltr'>infirmitas</span> <span class='ocrx_word' id='word_1_272' title='bbox 1522 3207 1579 3272; x_wconf 90' lang='lat' dir='ltr'>ati-</span> 
     </span>
     <span class='ocr_line' id='line_1_76' title="bbox 1190 3316 1586 3400; baseline 0.013 -19"><span class='ocrx_word' id='word_1_273' title='bbox 1190 3333 1252 3400; x_wconf 86' lang='lat' dir='ltr'>qua</span> <span class='ocrx_word' id='word_1_274' title='bbox 1277 3316 1309 3382; x_wconf 92' lang='lat' dir='ltr'>in</span> <span class='ocrx_word' id='word_1_275' title='bbox 1335 3319 1388 3386; x_wconf 94' lang='lat' dir='ltr'>uia</span> <span class='ocrx_word' id='word_1_276' title='bbox 1413 3319 1586 3388; x_wconf 89' lang='lat' dir='ltr'>deducetis</span> 
     </span>
     <span class='ocr_line' id='line_1_77' title="bbox 1190 3432 1610 3499; baseline 0.014 -6"><span class='ocrx_word' id='word_1_277' title='bbox 1190 3445 1290 3496; x_wconf 87' lang='lat' dir='ltr'>canos</span> <span class='ocrx_word' id='word_1_278' title='bbox 1313 3445 1407 3497; x_wconf 89' lang='lat' dir='ltr'>meos</span> <span class='ocrx_word' id='word_1_279' title='bbox 1432 3447 1508 3498; x_wconf 91' lang='lat' dir='ltr'>cum</span> <span class='ocrx_word' id='word_1_280' title='bbox 1532 3432 1610 3499; x_wconf 85' lang='lat' dir='ltr'>tris·</span> 
     </span>
     <span class='ocr_line' id='line_1_78' title="bbox 1192 3539 1510 3610; baseline 0.016 -5"><span class='ocrx_word' id='word_1_281' title='bbox 1192 3539 1261 3606; x_wconf 88' lang='lat' dir='ltr'>titia</span> <span class='ocrx_word' id='word_1_282' title='bbox 1285 3539 1319 3607; x_wconf 88' lang='lat' dir='ltr'>in</span> <span class='ocrx_word' id='word_1_283' title='bbox 1343 3539 1510 3610; x_wconf 82' lang='lat' dir='ltr'>internum</span> 
     </span>
     <span class='ocr_line' id='line_1_79' title="bbox 1167 3653 1609 3742; baseline 0.009 -22"><span class='ocrx_word' id='word_1_284' title='bbox 1167 3653 1328 3722; x_wconf 81' lang='lat' dir='ltr'>Dixerunt</span> <span class='ocrx_word' id='word_1_285' title='bbox 1352 3655 1440 3730; x_wconf 89' lang='lat' dir='ltr'>enim</span> <span class='ocrx_word' id='word_1_286' title='bbox 1464 3656 1493 3724; x_wconf 92' lang='lat' dir='ltr'>ei</span> <span class='ocrx_word' id='word_1_287' title='bbox 1518 3658 1609 3742; x_wconf 86' lang='lat' dir='ltr'>quod</span> 
     </span>
     <span class='ocr_line' id='line_1_80' title="bbox 1190 3765 1560 3852; baseline 0.008 -19"><span class='ocrx_word' id='word_1_288' title='bbox 1190 3773 1223 3833; x_wconf 91' lang='lat' dir='ltr'>et</span> <span class='ocrx_word' id='word_1_289' title='bbox 1246 3765 1386 3852; x_wconf 89' lang='lat' dir='ltr'>pecunia</span> <span class='ocrx_word' id='word_1_290' title='bbox 1409 3767 1560 3852; x_wconf 90' lang='lat' dir='ltr'>ipsorum</span> 
     </span>
     <span class='ocr_line' id='line_1_81' title="bbox 1191 3877 1612 3950; baseline 0.014 -6"><span class='ocrx_word' id='word_1_291' title='bbox 1191 3877 1318 3947; x_wconf 90' lang='lat' dir='ltr'>reddita</span> <span class='ocrx_word' id='word_1_292' title='bbox 1334 3886 1423 3948; x_wconf 85' lang='lat' dir='ltr'>esset</span> <span class='ocrx_word' id='word_1_293' title='bbox 1447 3879 1512 3948; x_wconf 86' lang='lat' dir='ltr'>iltis</span> <span class='ocrx_word' id='word_1_294' title='bbox 1537 3899 1612 3950; x_wconf 92' lang='lat' dir='ltr'>cum</span> 
     </span>
     <span class='ocr_line' id='line_1_82' title="bbox 1191 3991 1589 4079; baseline 0.01 -21"><span class='ocrx_word' id='word_1_295' title='bbox 1191 3991 1279 4060; x_wconf 92' lang='lat' dir='ltr'>uasis</span> <span class='ocrx_word' id='word_1_296' title='bbox 1304 3993 1463 4079; x_wconf 89' lang='lat' dir='ltr'>ipsorum·</span> <span class='ocrx_word' id='word_1_297' title='bbox 1490 4001 1523 4062; x_wconf 88' lang='lat' dir='ltr'>et</span> <span class='ocrx_word' id='word_1_298' title='bbox 1548 3995 1589 4062; x_wconf 93' lang='lat' dir='ltr'>ti-</span> 
     </span>
     <span class='ocr_line' id='line_1_83' title="bbox 1188 4104 1576 4174; baseline 0.008 -4"><span class='ocrx_word' id='word_1_299' title='bbox 1188 4104 1273 4171; x_wconf 90' lang='lat' dir='ltr'>muit</span> <span class='ocrx_word' id='word_1_300' title='bbox 1296 4121 1372 4172; x_wconf 92' lang='lat' dir='ltr'>cum</span> <span class='ocrx_word' id='word_1_301' title='bbox 1396 4104 1444 4172; x_wconf 93' lang='lat' dir='ltr'>eis</span> <span class='ocrx_word' id='word_1_302' title='bbox 1469 4111 1576 4174; x_wconf 90' lang='lat' dir='ltr'>trans·</span> 
     </span>
     <span class='ocr_line' id='line_1_84' title="bbox 1190 4217 1542 4288; baseline 0.011 -4"><span class='ocrx_word' id='word_1_303' title='bbox 1190 4217 1323 4286; x_wconf 91' lang='lat' dir='ltr'>mittero</span> <span class='ocrx_word' id='word_1_304' title='bbox 1347 4235 1423 4286; x_wconf 90' lang='lat' dir='ltr'>eum</span> <span class='ocrx_word' id='word_1_305' title='bbox 1448 4218 1542 4288; x_wconf 85' lang='lat' dir='ltr'>iacob</span> 
     </span>
     <span class='ocr_line' id='line_1_85' title="bbox 1168 4330 1676 4402; baseline 0.004 -4"><span class='ocrx_word' id='word_1_306' title='bbox 1168 4330 1277 4400; x_wconf 82' lang='lat' dir='ltr'>Famis</span> <span class='ocrx_word' id='word_1_307' title='bbox 1300 4339 1412 4400; x_wconf 90' lang='lat' dir='ltr'>autem</span> <span class='ocrx_word' id='word_1_308' title='bbox 1436 4331 1503 4400; x_wconf 86' lang='lat' dir='ltr'>ibat</span> <span class='ocrx_word' id='word_1_309' title='bbox 1526 4341 1560 4402; x_wconf 92' lang='lat' dir='ltr'>et</span> <span class='ocrx_word' id='word_1_310' title='bbox 1596 4351 1676 4401; x_wconf 91' lang='lat' dir='ltr'>con-</span> 
     </span>
     <span class='ocr_line' id='line_1_86' title="bbox 1191 4443 1528 4513; baseline 0.012 -4"><span class='ocrx_word' id='word_1_311' title='bbox 1191 4443 1380 4512; x_wconf 88' lang='lat' dir='ltr'>ualescebat</span> <span class='ocrx_word' id='word_1_312' title='bbox 1402 4444 1436 4512; x_wconf 92' lang='lat' dir='ltr'>in</span> <span class='ocrx_word' id='word_1_313' title='bbox 1462 4453 1528 4513; x_wconf 89' lang='lat' dir='ltr'>ter-</span> 
     </span>
    </p>

    <p class='ocr_par' dir='ltr' id='par_1_31' title="bbox 1190 4557 1522 4644">
     <span class='ocr_line' id='line_1_87' title="bbox 1190 4557 1522 4644; baseline 0.006 -20"><span class='ocrx_word' id='word_1_314' title='bbox 1190 4575 1225 4624; x_wconf 86' lang='lat' dir='ltr'>ra</span> <span class='ocrx_word' id='word_1_315' title='bbox 1250 4557 1409 4644; x_wconf 90' lang='lat' dir='ltr'>quoniam</span> <span class='ocrx_word' id='word_1_316' title='bbox 1425 4558 1522 4626; x_wconf 92' lang='lat' dir='ltr'>muiti</span> 
     </span>
    </p>
   </div>
   <div class='ocr_carea' id='block_1_12' title="bbox 985 4661 1582 4769">
    <p class='ocr_par' dir='ltr' id='par_1_32' title="bbox 985 4661 1582 4769">
     <span class='ocr_line' id='line_1_88' title="bbox 985 4661 1582 4769; baseline 0.007 -33"><span class='ocrx_word' id='word_1_317' title='bbox 985 4661 990 4670; x_wconf 90' lang='grc'><strong>’</strong></span> <span class='ocrx_word' id='word_1_318' title='bbox 1055 4763 1058 4769; x_wconf 19' lang='lat'><em>¹</em></span> <span class='ocrx_word' id='word_1_319' title='bbox 1189 4671 1329 4738; x_wconf 81' lang='lat' dir='ltr'>deditis</span> <span class='ocrx_word' id='word_1_320' title='bbox 1353 4671 1582 4756; x_wconf 78' lang='lat' dir='ltr'>aegyptiorum</span> 
     </span>
    </p>
   </div>
   <div class='ocr_carea' id='block_1_13' title="bbox 1187 4781 1644 5645">
    <p class='ocr_par' dir='ltr' id='par_1_33' title="bbox 1189 4781 1544 4850">
     <span class='ocr_line' id='line_1_89' title="bbox 1189 4781 1544 4850; baseline 0 -2"><span class='ocrx_word' id='word_1_321' title='bbox 1189 4781 1420 4848; x_wconf 91' lang='lat' dir='ltr'>custodierunt</span> <span class='ocrx_word' id='word_1_322' title='bbox 1443 4781 1544 4850; x_wconf 89' lang='lat' dir='ltr'>semi-</span> 
     </span>
    </p>

    <p class='ocr_par' dir='ltr' id='par_1_34' title="bbox 1189 4891 1545 4962">
     <span class='ocr_line' id='line_1_90' title="bbox 1189 4891 1545 4962; baseline 0.006 -2"><span class='ocrx_word' id='word_1_323' title='bbox 1189 4911 1230 4961; x_wconf 95' lang='lat' dir='ltr'>na</span> <span class='ocrx_word' id='word_1_324' title='bbox 1254 4893 1370 4962; x_wconf 90' lang='lat' dir='ltr'>suain</span> <span class='ocrx_word' id='word_1_325' title='bbox 1394 4891 1545 4962; x_wconf 86' lang='lat' dir='ltr'>custodia</span> 
     </span>
    </p>

    <p class='ocr_par' dir='ltr' id='par_1_35' title="bbox 1188 5005 1644 5320">
     <span class='ocr_line' id='line_1_91' title="bbox 1189 5005 1644 5093; baseline 0.004 -19"><span class='ocrx_word' id='word_1_326' title='bbox 1189 5025 1229 5074; x_wconf 86' lang='lat' dir='ltr'>ex</span> <span class='ocrx_word' id='word_1_327' title='bbox 1254 5023 1320 5093; x_wconf 91' lang='lat' dir='ltr'>quo</span> <span class='ocrx_word' id='word_1_328' title='bbox 1345 5012 1456 5074; x_wconf 90' lang='lat' dir='ltr'>tamen</span> <span class='ocrx_word' id='word_1_329' title='bbox 1486 5005 1644 5076; x_wconf 91' lang='lat' dir='ltr'>uiderunt</span> 
     </span>
     <span class='ocr_line' id='line_1_92' title="bbox 1189 5121 1532 5207; baseline 0.006 -19"><span class='ocrx_word' id='word_1_330' title='bbox 1189 5121 1305 5207; x_wconf 88' lang='lat' dir='ltr'>ioseph</span> <span class='ocrx_word' id='word_1_331' title='bbox 1331 5137 1532 5207; x_wconf 75' lang='lat' dir='ltr'>congregare</span> 
     </span>
     <span class='ocr_line' id='line_1_93' title="bbox 1188 5235 1534 5320; baseline 0.003 -18"><span class='ocrx_word' id='word_1_332' title='bbox 1188 5235 1353 5304; x_wconf 77' lang='lat' dir='ltr'>frumenta</span> <span class='ocrx_word' id='word_1_333' title='bbox 1377 5241 1411 5302; x_wconf 90' lang='lat' dir='ltr'>et</span> <span class='ocrx_word' id='word_1_334' title='bbox 1435 5245 1534 5320; x_wconf 89' lang='lat' dir='ltr'>repo-</span> 
     </span>
    </p>

    <p class='ocr_par' dir='ltr' id='par_1_36' title="bbox 1187 5346 1529 5530">
     <span class='ocr_line' id='line_1_94' title="bbox 1187 5346 1529 5416; baseline 0.003 -2"><span class='ocrx_word' id='word_1_335' title='bbox 1187 5364 1266 5416; x_wconf 88' lang='lat' dir='ltr'>nere</span> <span class='ocrx_word' id='word_1_336' title='bbox 1290 5346 1324 5414; x_wconf 94' lang='lat' dir='ltr'>in</span> <span class='ocrx_word' id='word_1_337' title='bbox 1348 5346 1467 5415; x_wconf 82' lang='lat' dir='ltr'>horrea</span> <span class='ocrx_word' id='word_1_338' title='bbox 1491 5354 1529 5416; x_wconf 91' lang='lat' dir='ltr'>ut</span> 
     </span>
     <span class='ocr_line' id='line_1_95' title="bbox 1190 5461 1496 5530; baseline 0 0"><span class='ocrx_word' id='word_1_339' title='bbox 1190 5461 1440 5530; x_wconf 90' lang='lat' dir='ltr'>custodirentur</span> <span class='ocrx_word' id='word_1_340' title='bbox 1462 5461 1496 5530; x_wconf 89' lang='lat' dir='ltr'>iu</span> 
     </span>
    </p>

    <p class='ocr_par' dir='ltr' id='par_1_37' title="bbox 1188 5575 1567 5645">
     <span class='ocr_line' id='line_1_96' title="bbox 1188 5575 1567 5645; baseline 0 -1"><span class='ocrx_word' id='word_1_341' title='bbox 1188 5576 1283 5645; x_wconf 89' lang='lat' dir='ltr'>annis</span> <span class='ocrx_word' id='word_1_342' title='bbox 1305 5575 1402 5644; x_wconf 87' lang='lat' dir='ltr'>tamis</span> <span class='ocrx_word' id='word_1_343' title='bbox 1426 5583 1460 5644; x_wconf 89' lang='lat' dir='ltr'>et</span> <span class='ocrx_word' id='word_1_344' title='bbox 1475 5591 1567 5644; x_wconf 82' lang='lat' dir='ltr'>mau-</span> 
     </span>
    </p>
   </div>
   <div class='ocr_carea' id='block_1_14' title="bbox 1186 5691 1646 5850">
    <p class='ocr_par' dir='ltr' id='par_1_38' title="bbox 1186 5691 1646 5850">
     <span class='ocr_line' id='line_1_97' title="bbox 1186 5691 1605 5780; baseline 0.005 -20"><span class='ocrx_word' id='word_1_345' title='bbox 1186 5691 1392 5762; x_wconf 89' lang='lat' dir='ltr'>ducauorunt</span> <span class='ocrx_word' id='word_1_346' title='bbox 1414 5709 1605 5780; x_wconf 72' lang='lat' dir='ltr'>cauagyp·</span> 
     </span>
     <span class='ocr_line' id='line_1_98' title="bbox 1228 5797 1646 5850; baseline 0.007 -3"><span class='ocrx_word' id='word_1_347' title='bbox 1228 5797 1232 5805; x_wconf 84' lang='grc'><strong>“</strong></span> <span class='ocrx_word' id='word_1_348' title='bbox 1629 5807 1646 5850; x_wconf 83' lang='lat' dir='ltr'><strong>G</strong></span> 
     </span>
    </p>
   </div>
   <div class='ocr_carea' id='block_1_15' title="bbox 0 0 2350 6406">
    <p class='ocr_par' dir='ltr' id='par_1_39' title="bbox 0 0 2350 6406">
     <span class='ocr_line' id='line_1_99' title="bbox 0 0 2350 6406; baseline 0 1"><span class='ocrx_word' id='word_1_349' title='bbox 0 0 2350 6406; x_wconf 95' lang='lat' dir='ltr'> </span> 
     </span>
    </p>
   </div>
  </div>
 </body>
</html>
