4690 6406
665 439 717 490 am
741 437 922 508 pauperem
946 421 1083 490 mitten·

665 561 733 622 tem
757 554 958 646 quadrantes
982 521 1051 624 duo

664 694 697 756 et
721 689 767 756 ait
790 707 869 758 uere
894 689 969 760 dieo
992 663 1092 760 uobis

592 897 597 906 ,
666 824 766 894 uidua
789 843 937 912 paupera
961 826 1043 896 hacc

664 963 739 1048 plus
763 963 918 1032 omnibus
941 963 1032 1032 misit
1077 1031 1085 1052 ,
1205 959 1214 976 ”

664 1115 780 1166 omnes
804 1097 893 1165 enim
917 1097 952 1164 bi
969 1098 1010 1166 de
1031 1115 1110 1166 exu-

664 1233 813 1318 perantia
837 1251 897 1300 sua
920 1231 1084 1300 miserunt

665 1371 697 1438 in
723 1371 887 1440 donadei
912 1371 994 1438 baec
1018 1377 1128 1440 autem

665 1525 706 1574 ex
730 1524 770 1574 eo
794 1505 884 1592 quod
909 1506 1004 1576 deest
1027 1506 1074 1574 illi
1100 1523 1173 1573 orn-

666 1661 742 1712 nem
766 1644 892 1712 uictum
916 1661 1015 1729 quem

495 1921 503 1938 '
551 1937 564 1981 ·.
599 1971 604 1981 .
664 1923 720 1983 ent
744 1915 815 1984 dies
839 1916 873 1984 in
897 1916 1018 2002 quibus
1043 1932 1110 1983 non

482 2599 498 2660 7

662 2027 870 2139 relinquetur!
889 2053 944 2120 hic
966 2052 1051 2137 lapis

661 2207 761 2274 supra
785 2189 929 2274 lapidem
954 2189 988 2256 in
1012 2189 1100 2274 pari-

662 2333 750 2393 etem
774 2326 830 2410 qui
854 2341 922 2392 non
946 2323 1077 2393 destru-

662 2467 736 2528 atur
809 2417 820 2440 Ι

639 2597 933 2679 interrogauerunt
957 2613 1016 2662 au-

664 2737 731 2798 tem
755 2719 850 2797 illum
873 2729 1034 2798 dicentes·

661 2863 819 2948 magister
843 2865 975 2948 quando
1000 2882 1054 2932 er·
1117 2855 1123 2868 ⁸

662 3015 704 3082 po
728 2997 809 3066 baec
833 3007 931 3068 erunt
955 2999 1091 3084 etquid

662 3131 793 3216 signum
817 3149 892 3200 cum
916 3131 998 3200 baec
1022 3141 1119 3201 erunt

661 3269 772 3338 lutura
796 3269 838 3337 ad
860 3269 916 3336 ille
940 3268 985 3336 ait
1007 3269 1102 3336 uide-

413 3417 420 3430 ·
527 3451 539 3474 .
662 3411 694 3472 te
719 3421 761 3472 ne
785 3403 990 3473 seducamini
1013 3403 1097 3472 mul-

481 4221 502 4282 9

466 5307 505 5368 ll

662 3537 688 3604 ti
711 3538 800 3606 enim
823 3537 960 3608 uenient
983 3537 1017 3604 in
1041 3555 1100 3604 no-

640 3675 749 3742 mine
773 3693 849 3744 meo
873 3675 1022 3744 dicentes

662 3808 738 3893 quia
762 3825 825 3892 ego
849 3826 924 3876 sum
949 3809 1092 3877 cbristus
1118 3813 1150 3874 et
1176 3815 1257 3874 tem·
1290 3813 1292 3820 ’

664 3963 726 4030 pus
750 3945 939 4030 proximum
964 3951 1015 4012 est
1039 3961 1101 4010 no-

563 4075 565 4078 ’
663 4080 719 4148 lite
744 4080 792 4150 ire
816 4087 893 4166 post
918 4098 976 4150 eos

641 4215 723 4284 Cum
748 4222 858 4284 autem
881 4216 1051 4286 audieritis

661 4350 747 4418 bella
772 4357 806 4418 et
829 4351 1010 4422 seditiones
1035 4371 1096 4420 no-

664 4487 721 4554 lite
744 4503 966 4571 expauescere
990 4504 1091 4571 opor-

332 4793 337 4804 ·
466 4763 513 4826 ll.
542 4781 566 4826 r.
584 4780 614 4825 o.
662 4779 801 4847 magnus
826 4753 913 4830 circei
935 4761 1005 4828 loca

665 4905 698 4964 et
721 4904 833 4982 pestes
858 4905 891 4966 et
913 4897 1017 4964 tames
1041 4901 1138 4962 erunt

665 5038 698 5096 et
723 5037 869 5098 terrores
895 5031 935 5098 de
960 5031 1052 5097 caelo

667 5171 700 5233 et
722 5165 822 5250 signa·
839 5183 955 5252 magna
979 5175 1077 5234 erunt

665 5311 698 5372 et
721 5309 935 5389 tempestates
958 5311 1033 5372 ante

1578 423 1658 491 baec
1681 430 1792 490 autem
1815 422 1926 492 onmia

1579 555 1714 626 inicient
1736 573 1855 626 manus
1879 575 1957 626 suas

1579 691 1612 759 in
1635 709 1698 760 uos
1721 699 1756 760 et
1779 710 1985 778 persequen-

1578 833 1634 894 tur
1656 827 1826 928 tradentes
1849 829 1882 896 in
1907 848 2004 914 syna-

1576 963 1669 1050 gogis
1693 971 1726 1032 et
1749 965 1783 1032 in
1807 965 1975 1034 custodias

1577 1101 1746 1170 trahentes
1768 1101 1810 1169 ad
1834 1117 1930 1185 reges
1953 1109 1987 1170 et

1540 1329 1544 1338 1
1579 1234 1749 1321 praesides
1773 1243 1913 1321 propter
1936 1253 1995 1304 no

1578 1389 1656 1440 men
1680 1387 1791 1440 meum
1808 1372 1965 1440 eueniant

1578 1479 1689 1576 autem
1713 1507 1810 1576 uobis
1834 1507 1916 1578 baec
1940 1507 1973 1576 in

1579 1641 1806 1711 testimonium
1830 1641 1945 1728 ponite

1579 1797 1658 1866 erpo
1683 1778 1716 1846 in
1741 1777 1898 1846 cordibus
1922 1793 1999 1846 ues-

1579 1915 1640 1983 tris
1651 1881 1732 1982 xnon
1756 1921 1832 1984 ante
1856 1914 1996 1982 medita-

1576 2069 1612 2118 re
1636 2051 1806 2137 quomodo
1829 2050 1994 2118 rationem

1577 2185 1724 2254 reddatis
1747 2203 1809 2270 epo
1834 2186 1923 2254 enim
1946 2188 2006 2256 da.

1577 2323 1620 2390 bo
1645 2321 1742 2390 uobis
1766 2339 1805 2390 os
1829 2329 1862 2390 et
1886 2322 2018 2406 sapien-

1408 2600 1426 2658 '.
1514 2647 1520 2658 .
1580 2593 1643 2661 bus
1667 2601 1701 2662 et
1726 2595 1876 2679 cognatis
1900 2602 1933 2664 et
1959 2595 2041 2662 ami-

1370 3819 1415 3883 20

1372 4358 1411 4421 al

1373 5169 1417 5232 Ἠ

1577 2731 1623 2799 cis
1648 2737 1682 2800 et
1705 2737 1814 2798 morte
1838 2729 1993 2799 adficient

1552 2949 1553 2952 q
1576 2883 1637 2934 uos
1662 2866 1811 2934 eteritis
1836 2865 1977 2935 odibiles
2107 2957 2112 2975 x

1576 3003 1730 3070 omnibus
1755 3003 1909 3088 gentibus
1934 3022 2037 3090 prop-

1518 3223 1524 3235 .
1577 3147 1627 3206 181·
1651 3157 1773 3207 nomen
1796 3155 1908 3208 meum
1933 3149 1966 3208 dl

1576 3275 1713 3360 capillus
1738 3277 1779 3344 de
1804 3278 1910 3362 capite
1934 3285 2050 3372 uestro

1577 3427 1644 3478 non
1669 3410 1790 3494 peribit
1812 3411 1846 3476 in
1871 3419 1982 3480 uestra

1578 3546 1734 3632 patientia
1758 3547 1939 3630 adquiretis

1441 3749 1446 3758 ,
1575 3680 1701 3748 animas
1726 3689 1856 3750 uestras

1554 3821 1635 3886 Cum
1660 3825 1770 3886 autem
1795 3819 1946 3887 uideritis

1576 3953 1773 4020 circumdari
1796 3955 1837 4021 ab
1862 3954 1986 4020 exerei-

1576 4095 1611 4154 tu
1636 4087 1836 4156 hierusalem
1861 4095 1940 4156 tuno
1964 4089 2028 4158 sei-

1576 4222 1638 4290 etis
1663 4223 1947 4308 adpropinquasse

1576 4355 1816 4426 desolationem
1839 4359 1912 4428 eius
1936 4365 2013 4426 tunc
2038 4359 2040 4366 “

1575 4490 1631 4574 qui
1656 4491 1690 4557 in
1713 4490 1809 4560 iudea
1834 4499 1913 4560 sunt
1936 4493 2023 4578 lupi-

1575 4633 1630 4692 ant
1654 4626 1688 4692 in
1713 4627 1883 4696 montibus
1907 4634 1940 4696 et
1965 4627 2019 4712 qui

1575 4762 1609 4828 tn
1634 4760 1743 4828 medio
1768 4761 1839 4828 eius
1862 4769 1961 4828 erunt

1576 4895 1748 4964 discedant
1772 4903 1804 4964 et
1828 4897 1884 4980 qui
1909 4896 1941 4962 in
1966 4895 2054 4980 agris

1579 5037 1656 5096 sunt
1682 5045 1748 5098 non
1773 5029 1898 5096 intrent
1921 5028 1953 5094 in

1579 5183 1651 5232 eam
1676 5165 1750 5249 quia
1776 5164 1847 5270 dies
1872 5163 2007 5230 ultionis
