4594 6452
873 244 1085 346 „ppp..

112 385 246 470 'Nunc
273 371 478 470 autemnon
497 393 705 486 interrogari
732 397 767 468 te
789 391 833 468 de
861 355 950 516 bis,

111 524 181 597 nisi
208 521 253 596 de
281 523 372 614 igne,
393 527 428 596 et
453 527 569 604 ventu
589 527 624 594 et
649 519 717 606 die,
734 520 776 598 in
803 519 932 612 quibus

7 683 9 691 v
112 649 215 740 egisti
230 650 255 732 ·‚
285 653 319 722 ot
337 667 357 720 a
376 647 505 740 quibus
533 647 687 738 separari
713 665 786 722 non
813 653 929 740 potes:

111 784 235 850 cinon
254 775 373 850 dixisti
391 775 475 850 mibi
487 775 537 860 ¹dc
556 776 612 848 iis.
678 769 682 778 '

97 954 104 972 .
165 893 196 938 ¹⁰
213 904 256 976 Et
279 902 366 976 dixit
393 903 499 976 mibi:
529 903 689 992 idquae
715 907 798 976 sunt
815 905 931 975 tecum

112 1028 413 1114 coadolescentia,
452 1049 525 1104 non
560 1035 661 1121 potes
693 1046 929 1134 cognoscere:

113 1147 141 1192 ¹¹
161 1163 197 1232 et
222 1158 400 1250 quomodo
427 1159 554 1250 poterit
588 1177 650 1233 ras
681 1163 779 1232 tuum
807 1173 931 1250 capere

113 1283 281 1360 ditissimi
299 1286 417 1360 riamt
443 1281 530 1372 Quia
549 1286 586 1384 in
604 1281 726 1376 aliquo
745 1283 841 1376 quod
858 1303 931 1376 non

115 1412 433 1505 comprehenditur,
455 1419 568 1488 creata
596 1417 651 1486 est
677 1413 730 1484 ria
748 1411 929 1496 ditissimi

113 1557 229 1630 nequo
252 1545 366 1631 potest
393 1539 626 1632 corruptibilis
645 1539 681 1612 in
700 1539 839 1614 saeculo
858 1557 933 1618 cor·

113 1665 266 1754 roptibib
287 1683 500 1758 cognoscere
518 1667 610 1740 riam
624 1665 911 1758 incorruptibilis.

167 1791 210 1865 Ει
237 1811 316 1866 cnm
341 1793 519 1868 audissem
546 1790 658 1876 baec,
686 1791 799 1866 cecidi
825 1809 932 1884 super

113 2045 229 2131 uobis,
249 2048 282 2120 si
300 2065 371 2122 uon
391 2049 624 2134 venissemus,
645 2065 749 2140 quam
768 2067 847 2122 cum
876 2065 932 2122 re·

112 2173 280 2259 norimus,
309 2175 425 2248 cicere
452 2174 488 2252 iu
515 2175 702 2266 impietate,
731 2180 766 2248 et
790 2175 874 2266 pati,
897 2179 932 2248 et

113 2318 185 2378 noo
204 2301 398 2393 intelligere
417 2319 522 2392 quam
541 2301 587 2374 ob
606 2319 679 2374 rem
698 2301 859 2392 patimur.

111 2473 114 2478 -
165 2415 195 2462 ¹³
209 2427 253 2500 Et
279 2427 471 2520 respondit.
496 2434 532 2502 et
550 2427 638 2501 dixit
655 2427 700 2500 ad
718 2445 794 2502 me:
822 2427 930 2519 Proti-¹

112 2555 284 2628 ciscontes
311 2553 487 2650 proiectae
512 2560 596 2630 sunt
622 2554 730 2628 silvae
757 2553 931 2646 tignorum

77 2687 84 2694 '
112 2683 236 2774 campi,
257 2689 292 2756 ct
309 2682 547 2774 cogitaverunt
565 2681 820 2772 cogitationem,
850 2669 879 2714 ¹⁶
896 2684 932 2754 ct

110 2809 293 2884 dixerunt:
320 2809 464 2892 Venite,
493 2827 634 2894 eamus,
662 2807 828 2883 iaciamus
854 2806 931 2882 bei·

110 2936 183 3008 ium
210 2953 290 3010 cnm
318 2937 416 3020 mari,
446 2943 484 3010 ut
510 2935 649 3010 recedat
674 2953 791 3012 coram
814 2933 928 3019 nobis,

110 3071 145 3152 et
162 3063 328 3138 iaciamus
356 3063 459 3138 nobis
485 3065 607 3139 silvam
635 3059 761 3138 airam
777 3053 929 3138 “Etiam

109 3193 236 3266 ductos
255 3193 360 3266 maris
379 3191 537 3266 similiter
550 3192 786 3283 cogitaverunt
804 3193 930 3284 cogita-5

110 3319 252 3405 tionem,
273 3326 308 3392 et
326 3319 508 3394 dixerunt:
532 3319 665 3404 venire,
686 3317 926 3404 ascendamus,

109 3447 276 3520 iaciamus
302 3445 432 3522 betium
462 3465 541 3520 cum
568 3445 655 3519 eitra
677 3447 800 3538 campi,
829 3453 868 3520 ιιι
894 3451 929 3521 et

107 3574 158 3648 ibi
176 3575 342 3649 iaciamus
360 3573 464 3648 uobis
491 3573 670 3666 regionem
696 3574 810 3648 adam.
840 3565 869 3608 ¹⁶
886 3575 930 3648 ut

109 3701 220 3778 tactos
239 3708 292 3776 est
309 3703 479 3794 cogitatus
497 3696 605 3774 silvae
623 3700 659 3774 iu
677 3717 816 3784 vanum,
836 3699 931 3776 venit

109 3831 203 3904 enim
221 3831 325 3922 ignis,
347 3837 381 3904 et
399 3830 617 3918 consumpsit
644 3847 732 3902 eam.
762 3818 789 3864 ¹⁷
804 3831 846 3902 iit
865 3829 930 3904 tac·

110 3964 165 4032 ius
184 3959 262 4032 est·
280 3965 316 4032 ct
333 3959 684 4049 cogitatosiiuctuum
697 3959 817 4032 maris:
836 3959 931 4032 stetit

109 4085 203 4158 onim
229 4103 344 4170 arona,
373 4091 408 4160 et
425 4085 602 4178 prohibuit
628 4104 703 4160 eos.
732 4075 761 4120 ¹⁸
780 4087 817 4158 Si
844 4105 927 4180 ergo

109 4231 207 4288 esses
222 4213 332 4306 index
358 4211 495 4300 bornio,
516 4233 622 4306 qoem
641 4233 686 4288 ex
704 4215 748 4288 iis
762 4215 928 4307 iustifica-

110 4359 178 4426 res,
199 4345 234 4414 et
251 4359 357 4434 quem
376 4342 651 4418 condemnares?
674 4333 704 4376 ¹⁹
717 4343 760 4416 iit
779 4361 925 4438 respon·

110 4469 157 4553 di,
177 4475 212 4544 et
239 4469 332 4544 dixi:
361 4471 504 4560 Utrique
530 4487 655 4542 ranam
683 4469 927 4560 cogitationem

111 4596 370 4686 cogitaverunt:
399 4595 610 4670 terra.cnim
630 4594 708 4668 data
726 4601 779 4669 est
805 4595 925 4682 silvae,

111 4725 146 4796 et
162 4721 261 4795 iocus
279 4723 385 4796 maris
403 4727 542 4814 portare
560 4721 685 4796 ductos
705 4739 801 4800 suos.

163 4837 195 4884 '⁰
211 4849 254 4922 Ει
280 4849 470 4942 respondit.
491 4855 526 4924 et
553 4849 639 4924 dixit
665 4850 710 4924 ad
728 4869 800 4926 me:
833 4851 927 4928 liene

107 4975 285 5067 judicasti.
304 4983 338 5050 et
356 4995 465 5068 quare
482 4997 553 5052 non
577 4976 741 5068 judicasti
768 4977 927 5078 temetip-

110 5107 214 5178 sumi
231 5093 259 5139 ¹¹
276 5103 577 5192 Quemadmodum
595 5105 689 5180 enirn
709 5112 798 5180 terra
820 5105 928 5180 siirae

111 5231 189 5306 data
216 5237 281 5318 ost,
310 5239 345 5308 et
370 5233 469 5308 iocus
496 5233 602 5309 maris
629 5239 768 5326 portare
800 5235 927 5310 doctus

110 5379 221 5434 suos:
250 5361 302 5434 sic
320 5367 356 5436 et
381 5361 431 5434 iiii
459 5361 520 5453 qui
547 5379 655 5454 sopor
682 5365 809 5436 terram
827 5361 926 5436 inba-

56 5518 62 5534 ·
110 5487 234 5572 bitant,
254 5505 344 5580 (ponc
361 5495 445 5564 sunt
462 5507 570 5582 sopor
588 5496 715 5564 terram
733 5489 928 5584 intelligere

108 5613 333 5690 solummodo
358 5621 533 5708 possunt:
566 5621 601 5692 et
635 5617 695 5694 iiie
726 5618 786 5709 qui
821 5635 929 5712 super

31 5801 43 5816 .
109 5741 236 5828 melos,
266 5759 356 5836 quae
381 5759 489 5836 snper
515 5742 641 5820 coctos.
668 5733 756 5819 ”iit
781 5759 927 5838 respon·

1025 395 1082 480 di,
1111 401 1146 469 ct
1173 394 1265 468 dixi:
1294 391 1471 488 Deprecor
1498 401 1532 470 to
1559 395 1729 482 bomine;
1759 409 1841 480 cor,

1026 523 1185 606 bomine,
1206 523 1307 598 datus
1326 529 1381 600 cst
1398 522 1483 596 mibi
1501 539 1629 598 seusus
1649 522 1845 614 cogitandis

1026 639 1056 686 ’³
1074 651 1150 724 Non
1168 651 1261 724 enim
1281 651 1375 724 volui
1392 649 1606 742 interrogare
1615 649 1669 724 -de
1686 649 1845 740 superio·

1025 776 1125 851 ribus
1153 777 1231 861 viis,
1261 776 1326 850 sed
1353 776 1397 852 de
1424 777 1468 850 iis
1488 795 1576 868 quae
1603 781 1848 868 pertranseunt

1025 921 1089 996 per
1115 923 1182 977 nos
1211 903 1391 995 quotidie:
1421 905 1586 995 quoniam
1614 905 1719 978 israel
1745 903 1846 978 datus

1025 1035 1080 1104 est
1115 1031 1301 1122 gentibus,
1336 1037 1371 1104 et
1406 1049 1511 1122 quem
1547 1029 1699 1104 dilexisti
1733 1049 1846 1124 popu·

1024 1159 1122 1241 lum,
1151 1157 1252 1232 datus
1280 1163 1334 1232 est
1359 1157 1521 1234 tribubus
1549 1159 1690 1250 impiis,
1719 1165 1756 1232 et
1788 1158 1847 1232 lex

1024 1290 1141 1358 sancta
1182 1291 1322 1376 patrum
1359 1291 1559 1360 nostrorum
1594 1287 1633 1358 in
1667 1285 1847 1358 interitum

1025 1411 1173 1486 deducta
1202 1418 1266 1496 est,
1288 1417 1323 1486 et
1340 1409 1588 1504 dispositiones
1606 1413 1755 1502 scriptae
1773 1429 1847 1486 non

1024 1543 1131 1644 sunt:
1160 1527 1191 1572 ¹⁸
1210 1543 1245 1612 ct
1271 1539 1523 1629 pertransimus
1550 1537 1595 1612 de
1627 1538 1780 1622 saeculo,
1808 1543 1848 1612 ut

1024 1665 1192 1774 locustae,
1220 1671 1256 1740 et
1273 1665 1422 1742 ririrnus
1451 1671 1488 1738 ut
1514 1683 1631 1756 vapor,
1651 1672 1687 1740 ci
1712 1683 1778 1738 nec
1797 1663 1847 1738 di·

1025 1791 1086 1882 gui
1104 1809 1226 1864 sumus
1246 1789 1519 1864 misericordiam
1534 1793 1715 1882 consequi.
1735 1781 1848 1866 ”Sed

1026 1916 1112 2008 qnid
1138 1917 1241 1990 iactet
1267 1919 1400 1992 nomini
1427 1936 1494 1992 suo
1522 1935 1647 2010 magno
1666 1917 1763 2010 quod
1790 1919 1843 1992 in·

1024 2049 1185 2116 rocoturn
1222 2049 1275 2116 est
1310 2061 1418 2136 super
1444 2048 1541 2118 nosi
1577 2045 1622 2120 de
1655 2045 1711 2120 bis
1739 2047 1845 2122 inter·

1025 2172 1154 2268 rogari.
1183 2161 1213 2206 ²⁶
1231 2171 1273 2244 Et
1300 2173 1490 2274 respondit,
1520 2179 1555 2248 et
1581 2174 1668 2248 dixit
1694 2173 1739 2248 ad
1765 2193 1843 2250 me:

1025 2298 1063 2372 Si
1090 2298 1222 2384 tueris,
1252 2297 1411 2386 ridebis;
1450 2301 1542 2374 etsi
1569 2302 1715 2374 muitum
1743 2301 1843 2376 rixe·
1910 2341 1917 2356 ·

1025 2425 1094 2510 ris,
1129 2426 1332 2500 miraberis:
1361 2427 1525 2518 quoniam
1552 2427 1690 2501 resumi
1724 2444 1845 2502 saecu·

1024 2553 1097 2630 ium
1115 2553 1338 2643 pertransire,
1361 2541 1391 2588 ’⁷
1407 2553 1488 2644 quia
1507 2571 1579 2626 oon
1598 2553 1689 2646 capit
1705 2560 1843 2646 portare

1001 2695 1114 2772 'quae
1145 2680 1250 2770 justis
1287 2681 1500 2772 repromissa
1531 2684 1638 2754 suot:
1677 2680 1843 2774 quoniam

1023 2806 1167 2897 plenum
1193 2807 1381 2898 gemitibus
1408 2815 1463 2882 est
1499 2809 1678 2882 saeculum
1710 2809 1782 2884 boc
1810 2817 1845 2886 ct

1024 2935 1282 3011 infirmitatibus
1309 2937 1440 3010 multis.
1479 2927 1510 2972 ²⁸
1538 2938 1752 3016 seminatum
1790 2945 1845 3012 est

1024 3062 1118 3136 euim
1145 3063 1286 3149 malum,
1307 3063 1351 3138 de
1369 3081 1440 3156 quo
1463 3083 1524 3170 'me
1551 3065 1782 3156 interrogasti,
1808 3071 1844 3142 ct

1023 3187 1173 3264 necdum
1193 3191 1288 3296 uenit
1306 3209 1384 3266 area
1402 3191 1490 3282 ejus.
1511 3180 1627 3266 ”Nisi
1646 3210 1729 3284 ergo
1748 3211 1840 3268 mes·

1022 3333 1101 3390 sum
1119 3317 1223 3391 tuerit
1240 3317 1336 3409 quod
1353 3319 1559 3392 seminatum
1580 3325 1645 3404 est,
1661 3326 1696 3394 ct
1713 3319 1845 3398 disces·

1022 3445 1108 3518 serit
1134 3445 1233 3520 iocos
1270 3447 1330 3520 nbi
1358 3448 1567 3522 seminatum
1595 3454 1649 3522 est
1685 3451 1840 3536 maium,

984 3582 989 3598 ·
1022 3590 1096 3646 uon
1122 3574 1238 3648 reniet
1259 3581 1350 3648 terra
1378 3573 1438 3648 ubi
1465 3577 1673 3650 seminatum
1702 3583 1756 3652 est
1781 3577 1844 3652 bo·

1023 3718 1121 3774 uum.
1149 3689 1180 3734 ³⁰
1198 3701 1369 3788 Quoniam
1396 3719 1544 3796 granum
1563 3721 1671 3776 uuum
1695 3704 1841 3778 seminis

1023 3827 1105 3900 maii
1131 3827 1342 3912 seminatum
1375 3835 1429 3902 est
1455 3829 1493 3902 io
1520 3828 1626 3904 corde
1653 3829 1764 3906 Adam
1797 3833 1841 3906 ab

1022 3955 1142 4028 initio:
1172 3961 1207 4028 et
1233 3961 1383 4046 quantos
1409 3956 1541 4030 tructus
1569 3957 1754 4050 impietatis
1781 3977 1841 4052 ge·

1022 4083 1157 4156 uerarit
1182 4099 1297 4174 usquo
1323 4101 1429 4168 nuuc,
1450 4089 1485 4158 et
1510 4083 1690 4174 generabit
1708 4103 1838 4178 usque·

1022 4209 1106 4284 dum
1143 4211 1258 4286 veniat
1284 4213 1391 4284 areat
1417 4201 1445 4245 '¹
1466 4209 1593 4293 center
1619 4229 1702 4304 ergo
1730 4219 1769 4286 to
1805 4215 1843 4288 in

1022 4337 1137 4409 anima
1155 4343 1224 4422 tua,
1240 4343 1275 4412 et
1292 4337 1383 4422 ride,
1398 4355 1544 4429 granum
1564 4357 1673 4412 uuum
1693 4340 1841 4418 seminis

1021 4463 1102 4536 mati
1122 4463 1218 4554 quod
1235 4466 1443 4538 seminatum
1458 4471 1522 4550 ost,
1539 4473 1688 4558 quantos
1707 4467 1840 4542 tructus

1021 4591 1207 4683 impietatts
1233 4592 1335 4666 tecit:
1362 4583 1393 4629 ³¹
1411 4591 1552 4686 quaudo
1579 4611 1662 4686 ergo
1689 4595 1840 4670 semina·

1000 4717 1154 4794 'buntur
1170 4721 1287 4812 spicae
1304 4719 1491 4806 bonorum,
1511 4739 1658 4814 quarum
1685 4740 1758 4796 non
1786 4729 1841 4796 est

1022 4865 1216 4930 numerus,
1245 4863 1431 4936 quamnam
1459 4865 1574 4922 aream
1605 4847 1759 4922 ictorum
1787 4855 1842 4924 est

1022 4982 1061 5048 ut
1077 4975 1223 5052 iaciant?
1249 4965 1278 5009 ⁸³
1293 4975 1336 5048 nt
1353 4975 1531 5068 respondi,
1552 4981 1587 5050 et
1606 4975 1689 5050 dixi:
1710 4977 1842 5069 Usque

1022 5121 1105 5196 qno,
1125 5109 1161 5178 ct
1187 5102 1326 5194 quaudo
1352 5101 1461 5178 bacci
1488 5104 1576 5192 Quia
1603 5103 1731 5178 modici
1757 5111 1841 5180 suot

996 5237 1057 5306 ·et
1075 5231 1156 5304 maii
1174 5231 1256 5304 anni
1275 5231 1397 5304 nostri.

1075 5347 1104 5392 ⁸⁸
1123 5357 1166 5432 Et
1183 5357 1374 5452 respondit,
1393 5365 1428 5434 et
1446 5357 1533 5434 dixit
1550 5357 1658 5434 mitri:
1686 5359 1762 5436 Nou
1788 5360 1841 5436 ie·

1022 5486 1132 5562 ednes
1149 5493 1188 5562 to
1205 5504 1313 5578 sopor
1339 5487 1569 5564 ditissimum.
1597 5489 1649 5564 iu
1676 5490 1770 5566 enirn
1789 5489 1840 5564 io·

1022 5617 1132 5692 stium
1157 5625 1301 5712 proptor
1318 5621 1564 5712 temetipsum:
1593 5621 1760 5698 Excoieos
1779 5641 1841 5698 au·

1023 5751 1093 5822 tom
1118 5753 1261 5842 propter
1287 5749 1427 5826 multos.
1464 5737 1495 5788 ⁸⁸
1521 5749 1644 5826 Nonne
1670 5749 1764 5826 enim
1796 5747 1842 5824 da
