4690 6406
893 215 1004 278 -ht
1037 245 1078 261 -

120 406 176 468 ttti.
194 420 224 467 o.
289 400 329 468 de
353 405 454 486 puteo
478 389 686 464 iurationis
1013 395 1057 458 titt
1073 409 1103 458 ιι.
1169 409 1267 477 quem
1291 389 1490 484 inuenerunt
1513 383 1546 453 in

289 513 321 579 in
346 511 439 580 barin
464 510 619 578 abraham
646 523 735 594 pa-.
1172 521 1210 570 ea
1234 509 1268 570 et
1291 493 1365 570 non*
1383 501 1588 586 reliquerunt
1620 499 1652 598 't'

286 625 345 692 tris
369 623 420 692 sui
445 623 477 688 in
502 627 616 688 monte
641 635 693 686 oe-
866 629 871 636 ·
1174 613 1206 678 in
1232 629 1270 680 ea
1294 628 1400 698 usque
1422 627 1526 678 unum
1542 609 1611 676 unl-

285 741 366 805 hron
391 735 552 802 illiceret
577 731 670 800 iacob
1174 741 1291 792 uersos
1316 724 1404 792 enim
1428 721 1560 790 oecide-

285 853 511 923 transmittens
536 869 637 938 quae·
1171 841 1248 902 runt
1271 833 1305 901 in
1329 833 1451 901 iudicio
1475 849 1575 918 prop-

282 983 424 1052 oumque
449 971 543 1032 erant
568 964 652 1048 patri
1053 969 1057 978 ·
1174 953 1223 1014 ter
1247 947 1337 1032 quod
1360 945 1549 1032 polluerant

286 1097 347 1147 suo
372 1077 444 1145 siue
469 1076 565 1142 matri
591 1091 670 1142 suae
1176 1058 1286 1126 (linem
1310 1071 1461 1126 sororem
1484 1071 1578 1124 suam

286 1207 346 1274 per
369 1189 498 1274 singula
524 1197 650 1274 tempo·
1257 1223 1264 1236 .
1280 1188 1345 1236 ooo
1368 1169 1430 1236 erit
1454 1166 1573 1252 ampli-

287 1321 321 1368 ra
345 1302 501 1370 uniuersa
526 1317 611 1386 quae
634 1316 671 1367 e-
1171 1303 1208 1349 os
1230 1292 1265 1348 ot
1287 1279 1480 1368 polluantur
1503 1279 1539 1346 ll-

288 1421 361 1482 rant
385 1414 450 1480 illis
473 1429 626 1480 necessa·
1173 1397 1234 1464 liae
1259 1387 1395 1462 istrahel
1422 1409 1526 1490 prop-

285 1526 330 1592 ria
356 1525 389 1592 in
414 1524 503 1592 omni
529 1541 592 1590 usu
617 1539 678 1590 suo
1005 1511 1008 1516 '
1173 1515 1223 1576 ter
1247 1508 1336 1593 pund
1360 1505 1393 1574 io
1418 1505 1513 1574 caelo·
1534 1505 1577 1572 sit

284 1645 317 1704 et
340 1643 435 1704 erant
459 1635 656 1703 benedicen-
1172 1621 1318 1690 indicum
1343 1635 1445 1704 super
1467 1618 1559 1704 ipsos

286 1758 335 1817 tes
351 1747 445 1816 iacob
465 1747 606 1816 inomni
626 1763 701 1816 cor·
1178 1741 1213 1799 ιιι
1238 1739 1387 1817 pugnent
1411 1730 1443 1798 in
1468 1729 1574 1816 gladio

288 1863 329 1929 de
353 1861 501 1946 ipsorum
518 1867 552 1928 et
575 1859 609 1928 in
634 1867 703 1928 tota
1176 1843 1337 1912 aduersus
1361 1842 1495 1927 sychem

262 1973 396 2042 'anima
422 1991 490 2042 sua·
987 1973 999 1996 ·
1182 1973 1297 2023 ...um
1321 1963 1459 2040 propter
1482 1953 1572 2040 quod

140 2087 222 2149 ,ιιι
269 2085 309 2150 ut
329 2081 362 2148 in
386 2099 473 2150 anno
497 2081 604 2167 primo
629 2099 705 2168 sep·
1087 2141 1095 2158 ‚
1177 2071 1327 2138 iecerunt
1351 2067 1565 2155 ignominiam

291 2197 488 2264 timanerum
512 2197 596 2264 serti
618 2213 670 2264 as·
1174 2184 1210 2250 io
1224 2183 1361 2252 istrahel
1381 2190 1414 2250 et
1435 2181 1540 2268 trutli-

293 2307 402 2376 cendit
425 2307 459 2375 ln
483 2307 587 2376 salom
611 2323 662 2374 se
1175 2297 1224 2364 dil
1247 2313 1305 2364 eos
1329 2294 1484 2364 dominns
1508 2292 1709 2361 inmanibus

292 2421 436 2488 cundum
461 2419 620 2488 orientem
645 2419 688 2487 si
1175 2408 1320 2476 liliorum
1343 2408 1436 2476 iacob
1460 2415 1497 2476 ut
1520 2423 1591 2474 era·
1756 2406 1759 2416 ⁴

289 2533 406 2600 cimam
430 2531 465 2599 in
489 2549 571 2617 pace
595 2548 690 2617 quar·
1176 2521 1286 2590 dicent
1310 2537 1369 2588 eos
1392 2517 1426 2586 in
1450 2517 1559 2604 gladio

292 2653 325 2713 to
349 2662 465 2714 mense
489 2651 523 2714 ot
546 2644 614 2714 illic
637 2663 690 2712 ra-
938 2668 939 2671 *
1177 2645 1205 2700 ιι
1228 2633 1285 2702 srat
1308 2632 1341 2700 in
1365 2631 1584 2718 ipsis-iudici-

290 2764 434 2842 pnerunl
458 2756 569 2825 dinam
593 2756 654 2824 lili·
917 2765 918 2770 ’
1177 2763 1233 2814 um
1257 2753 1291 2814 et
1315 2761 1382 2814 non
1406 2743 1547 2832 amplius

290 2887 343 2937 am
365 2870 460 2938 iacob
484 2869 517 2936 in
541 2870 620 2938 dom
649 2871 782 2954 sychem
1177 2859 1236 2926 erit
1258 2859 1293 2926 io
1318 2911 1324 2926 .
1352 2911 1359 2926 .
1385 2911 1392 2926 .
1420 2899 1428 2918 .
1453 2857 1588 2926 istrahel

128 3063 133 3070 ,
293 2983 339 3052 llli
364 3001 493 3052 emmor
516 2984 613 3052 euuei
641 2979 734 3070 prin·
1176 2979 1213 3040 ut
1237 2970 1407 3057 polluatur
1429 2969 1524 3055 uirgo

200 3151 205 3162 .
290 3095 372 3182 cipis
397 3103 505 3164 terrae
528 3101 561 3164 et
584 3095 655 3182 pol·
1066 3087 1091 3150 ι.
1178 3081 1324 3152 istrahel·

290 3207 351 3276 luit
374 3226 446 3276 eam
471 3209 546 3294 quia
570 3207 695 3276 dormi-
1154 3201 1195 3265 lit
1220 3197 1321 3265 bomo
1345 3198 1544 3284 quicumque
1565 3204 1616 3264 est

289 3321 339 3390 uit
362 3339 438 3391 cum
462 3339 499 3389 ea
523 3319 652 3406 etipsa
1177 3329 1218 3378 en
1241 3309 1318 3378 liliis
1343 3309 1478 3378 istrahel
1502 3317 1536 3376 et

235 3416 238 3424 ’
290 3433 486 3503 adulescens
509 3441 580 3502 erat
603 3432 670 3500 illia
1177 3423 1338 3508 placuerit
1361 3423 1392 3492 ei
1415 3421 1495 3490 dare
1518 3422 1580 3490 lili·

291 3545 467 3616 duodecim
490 3561 653 3614 annorum
1178 3554 1230 3605 am
1254 3553 1347 3605 suam
1371 3543 1428 3603 aut
1452 3551 1602 3603 sororem

265 3665 322 3726 ‚et
345 3658 486 3744 petierat
510 3658 601 3726 illam
933 3646 961 3676 ·’
1177 3669 1271 3720 suam
1296 3651 1386 3720 omni
1409 3649 1483 3718 uiro
1508 3667 1549 3716 ex
1565 3665 1616 3716 se-

292 3779 407 3857 postea
431 3789 449 3838 a
473 3777 568 3858 patre
593 3789 655 3839 suo
1176 3763 1265 3832 mine
1289 3763 1437 3849 gentium
1461 3762 1550 3848 peri-

287 3889 321 3952 et
344 3884 498 3953 omnibus
521 3883 679 3952 iratribus
712 3884 785 3950 suis
1177 3884 1211 3945 et
1235 3883 1269 3944 et
1292 3876 1491 3962 lapidabitur
1515 3877 1561 3944 la-

287 3995 321 4062 in
345 3995 519 4064 muherem
1177 3987 1310 4074 pidibus
1335 3989 1586 4074 propterquod

268 4107 311 4174 ut
334 4105 524 4192 indignatus
548 4113 599 4176 est
985 4165 991 4180 ,
1179 4104 1294 4172 lecerit
1317 4102 1530 4189 ignominiam

287 4219 384 4288 iacob
407 4227 441 4289 et
464 4219 521 4288 lilii
546 4219 598 4288 sui
623 4221 664 4288 ad
1045 4275 1050 4284 .
1180 4215 1212 4282 ln
1237 4214 1372 4284 istrahel
1397 4223 1430 4284 et
1454 4216 1552 4284 muli-

287 4329 380 4400 uiroa
402 4331 632 4417 sychemornrn
943 4331 949 4342 “
1180 4347 1217 4396 er
1240 4329 1443 4400 conburatur
1467 4330 1532 4414 igni

288 4443 366 4530 quia
388 4445 576 4529 polluerant
598 4443 649 4512 tli-
1181 4449 1319 4530 propter
1341 4443 1431 4529 quod
1455 4451 1568 4512 conta-

292 4573 369 4624 nam
392 4573 543 4626 sororem
567 4575 662 4627 suam
1178 4555 1354 4624 minauerit
1377 4556 1512 4626 domurn

288 4673 324 4734 et
347 4667 450 4736 locuti
473 4675 552 4737 sunt
573 4669 614 4738 ad
638 4683 697 4736 eos
1180 4668 1282 4752 patris
1307 4669 1358 4736 sui
1381 4669 1562 4738 eradicabi-

289 4781 324 4848 in
347 4779 591 4848 simulationem
1181 4787 1234 4846 tur
1257 4796 1298 4846 en
1322 4779 1455 4847 istrahel
1481 4789 1515 4847 et

290 4899 325 4960 et
348 4892 382 4960 in
406 4891 484 4960 dolo
508 4891 635 4968 derise-
1179 4909 1245 4958 non
1270 4889 1332 4958 erit
1356 4885 1528 4958 lornicaria

294 5009 376 5071 runt
399 5021 459 5074 eos
482 5021 618 5090 symeon
1119 5063 1123 5076 .
1177 5015 1211 5074 et
1234 5004 1434 5074 abominatio
1459 5004 1492 5072 in
1517 5005 1558 5070 is·

295 5125 331 5187 et
353 5117 444 5187 lenul
468 5125 502 5186 el
526 5135 649 5204 posue·
1179 5119 1284 5188 trahel
1308 5120 1462 5190 omnibus
1486 5121 1603 5188 nictus

292 5237 373 5300 runt
396 5231 430 5300 in
453 5231 555 5300 corde
580 5249 642 5300 suo
1179 5231 1400 5317 generationis
1425 5240 1531 5302 terrae
1585 5255 1598 5280 .

293 5359 432 5428 symeon
449 5351 484 5411 et
506 5343 596 5412 leoni
621 5361 676 5412 ex·
1179 5351 1316 5432 propter
1339 5345 1428 5430 quod
1452 5363 1544 5414 sanc-

293 5455 472 5526 terminare
495 5473 555 5526 eoa
578 5465 612 5526 et
632 5459 682 5526 le·
1177 5467 1231 5528 tus
1253 5465 1305 5527 est
1328 5457 1462 5526 istrahel
1479 5457 1614 5526 domino

294 5579 412 5640 cerunt
437 5569 595 5640 iudicium
619 5571 651 5638 in
1174 5577 1207 5638 et
1230 5570 1338 5640 omnis
1362 5570 1461 5640 homo
1486 5569 1558 5656 qui·
1633 5581 1639 5642 ζ

293 5683 386 5752 uirm
410 5677 642 5769 archemorum
1007 5689 1014 5702 '
1173 5699 1314 5770 cumque
1338 5683 1493 5770 polluerit
