4594 6452
1249 137 1461 276 -ioiss

533 317 635 430 ,buo
660 352 851 448 respoudit,
880 357 916 427 et
942 349 1030 425 dixit
1055 349 1100 424 ad
1126 367 1212 438 me,
1241 351 1312 426 Nu·

389 505 392 512 ·
494 502 589 560 mera
616 479 700 558 mibi
723 501 763 557 ea
782 499 872 573 quae
898 479 1051 554 necdum
1073 483 1255 562 uenerunt,
1276 483 1312 551 et

493 613 616 704 collige
643 609 728 684 mibi
748 609 926 699 dispersas
954 610 1080 697 guttas,
1098 612 1134 680 et
1159 605 1310 678 revirida

492 737 578 812 mibi
597 736 713 811 aridos
731 738 848 819 tiores,
877 723 906 768 ³⁷
921 739 957 826 et
974 733 1071 826 aperi
1089 731 1174 806 mibi
1193 733 1312 806 densa

492 863 741 956 promptuaria,
770 869 805 936 et
822 861 957 953 produc
975 859 1060 932 mibi
1088 860 1244 932 inclusos
1272 859 1309 941 iu

398 1079 404 1094 .
494 994 545 1066 eis
571 993 697 1076 tlatus;
727 995 762 1063 et
788 989 989 1078 demonstra
1007 987 1094 1060 mibi
1122 987 1310 1078 imaginem

492 1119 670 1200 facierum,
699 1135 787 1208 quas
814 1114 972 1189 noudum
999 1105 1127 1196 nidisti,
1156 1120 1216 1194 aot
1235 1113 1308 1186 de·

493 1253 648 1318 monstra
684 1243 770 1316 mibi
797 1241 893 1316 vocis
923 1241 1139 1333 imaginem:
1165 1247 1201 1314 et
1226 1246 1311 1314 tono

494 1367 766 1444 ostendam.tibi
793 1367 948 1443 laborem
981 1375 1015 1442 et
1055 1374 1192 1459 tempus
1219 1383 1312 1458 quae

493 1495 773 1590 rogastividere.
1280 1573 1284 1582 ,

547 1615 577 1661 ⁸⁸
595 1625 638 1698 Et
655 1624 739 1707 dixi,
759 1623 962 1696 bomiuator
979 1622 1138 1705 bomine,
1159 1623 1239 1724 quis
1257 1626 1313 1696 eet

423 1811 426 1820 ,
494 1753 555 1844 qui
581 1759 697 1845 potest
724 1751 938 1833 baecscire,
967 1749 1036 1822 nisi
1055 1749 1114 1840 qui
1143 1767 1223 1822 cum
1251 1747 1312 1820 bo

494 1881 648 1954 minibus
675 1878 922 1952 habitationem
941 1894 1013 1949 uon
1031 1875 1162 1949 babeti
1189 1865 1218 1910 ⁸⁹
1237 1875 1310 1967 Epo
1332 1855 1341 1864 ⁸

375 2055 378 2062 ·
431 2027 438 2039 ·
494 2015 609 2082 autem
628 2008 800 2097 insipiens
824 2011 860 2078 et
886 1997 1015 2077 miser:
1043 2003 1220 2096 momodo
1246 2019 1310 2094 po·

494 2143 570 2210 tero
588 2135 705 2208 dicere
732 2131 777 2206 de
803 2129 871 2238 bis,
892 2129 936 2203 de
964 2129 1092 2221 quibos
1119 2147 1176 2202 me
1203 2129 1311 2230 inter·

494 2262 650 2354 rogastii
686 2249 717 2294 ⁸⁰
743 2259 786 2331 Et
822 2252 909 2332 dixit
941 2257 986 2330 ad
1021 2275 1096 2340 rue,
1127 2255 1312 2343 Quomodo

371 2377 378 2466 .’
494 2409 567 2463 non
584 2395 686 2480 potes
713 2387 826 2458 tacere
844 2403 954 2458 uuum
974 2384 1018 2457 do
1036 2382 1092 2456 bis
1111 2399 1201 2474 quae
1221 2382 1312 2454 diota

494 2523 598 2590 sont:
625 2515 676 2588 sic
702 2531 774 2586 nou
801 2511 934 2602 poteris
962 2509 1119 2584 iuvenire
1142 2508 1337 2600 judicium⁸

413 2739 417 2746 Δ
494 2659 637 2724 meum,
667 2646 725 2714 aut
750 2639 858 2712 tinem
886 2637 1085 2719 charitatis,
1115 2653 1219 2727 quam
1246 2653 1311 2728 po-

493 2771 580 2862 pulo
606 2787 685 2842 meo
709 2765 866 2860 promisi.
895 2753 923 2798 ‘¹
943 2761 985 2836 et
1011 2763 1103 2846 dixi,
1133 2763 1203 2836 Sed
1231 2781 1313 2838 ecce

363 2933 368 2938 -
457 2894 651 3002 domiue,
679 2891 868 2984 promisisti
888 2887 945 2963 bis
964 2891 1025 2981 qui
1052 2890 1087 2962 io
1107 2889 1178 2962 due
1206 2897 1311 2964 suut:

494 3027 528 3094 et
555 3020 659 3126 quid·
676 3019 802 3092 iaciant
828 3017 889 3109 qui
916 3023 1088 3090 antemos
1115 3017 1224 3102 eraut,
1254 3025 1315 3090 aut

492 3167 570 3232 nos,
591 3155 650 3221 aut
670 3147 692 3220 ii
712 3148 773 3239 qui
792 3153 871 3238 post
889 3150 976 3240 nost
1001 3135 1031 3182 ⁴¹
1051 3145 1092 3218 ut
1119 3146 1311 3236 respondit,

494 3282 529 3349 ct
555 3275 642 3347 dixit
669 3274 713 3346 ad
740 3291 808 3357 me,
834 3271 990 3346 Coronae
1009 3257 1196 3346 assimilavi
1219 3273 1312 3364 judi·

495 3402 587 3476 cium
603 3417 731 3474 meum.
753 3400 851 3473 Sicut
869 3415 939 3471 non
959 3405 1012 3472 est
1030 3399 1230 3474 novissimis
1249 3407 1316 3472 tar-

495 3529 595 3611 ditas,
616 3529 668 3602 sic
685 3543 752 3600 neo
778 3525 954 3618 prioribus
972 3535 1193 3617 praeventus.
1222 3519 1252 3564 ‘³
1271 3529 1316 3602 iit

407 3743 413 3756 ι
493 3655 671 3746 respondi,
691 3659 726 3728 et
743 3652 828 3736 dixi,
846 3653 1024 3744 Numquid
1041 3655 1135 3727 euim
1163 3673 1235 3728 uon
1254 3673 1314 3747 po·

494 3787 585 3854 teras
613 3781 727 3854 tacere
745 3797 807 3852 eos
826 3780 888 3870 qui
907 3780 1056 3864 inerunt,
1075 3779 1191 3874 etqui
1218 3789 1313 3866 suut,

492 3915 528 3984 et
555 3909 615 4000 qui
643 3909 749 3980 tutori
776 3913 869 3990 suut,
890 3909 1067 3992 inunum,
1088 3916 1128 3982 ut
1153 3910 1313 3984 celeriter

490 4035 659 4125 judicium
679 4042 775 4108 tuum
796 4036 987 4109 ostendes?

546 4152 576 4196 “
590 4163 632 4234 Et
650 4161 841 4254 respondit,
862 4169 896 4236 et
914 4163 999 4236 dixit
1017 4164 1061 4238 ad
1081 4183 1152 4267 me,
1172 4166 1247 4240 Non
1266 4168 1316 4241 te·

494 4293 599 4366 stinat
617 4297 772 4366 creatura
790 4309 898 4382 super
911 4301 1102 4368 creatorem
1117 4313 1231 4380 suum,
1248 4297 1313 4370 sed

264 4443 272 4451 ·
379 4457 382 4462 ·
493 4437 608 4510 neque
627 4417 820 4492 sustinebat
833 4419 1010 4492 saeculum
1031 4439 1071 4493 ea
1091 4439 1180 4513 quae
1198 4422 1317 4496 tortura

494 4553 595 4620 eraut
619 4547 655 4619 in
683 4563 737 4628 eo,
767 4546 804 4618 in
840 4537 961 4619 unum.
990 4536 1021 4582 ‘⁸
1039 4547 1081 4620 Et
1107 4549 1232 4622 iterum
1260 4569 1317 4624 re·

492 4673 632 4765 spondi,
654 4681 688 4748 et
707 4667 792 4747 dixi:
810 4675 852 4748 tit
871 4692 941 4766 quo
957 4675 1062 4749 modo
1077 4676 1195 4754 dixisti
1210 4661 1318 4750 serto·

418 4867 426 4876 .
493 4811 577 4887 tuo,
608 4803 773 4894 quoniam
802 4801 981 4876 vivificans
1011 4803 1251 4878 vivificabisa
1277 4811 1312 4878 te

343 4918 346 4928 ’
493 4937 643 5006 creatam
669 4935 860 5004 creaturam
880 4929 917 5001 iu
935 4933 1074 5002 unumi
1086 4983 1088 4988 ,
1101 4930 1138 5002 Si
1158 4947 1241 5023 ergo
1260 4931 1310 5004 oi·

491 5063 613 5132 ventes
631 5059 747 5131 vivent
765 5057 803 5130 in
820 5075 941 5141 unum,
958 5062 994 5130 et
1011 5057 1197 5131 sustinebit
1214 5077 1310 5132 crea·

491 5193 585 5258 tura:
612 5189 747 5274 poterat
764 5189 799 5257 et
826 5201 920 5257 nuuc
946 5189 1084 5274 portare
1110 5191 1311 5276 praesentes

492 5311 529 5382 iu
549 5328 670 5384 unum.
699 5299 729 5344 ‘⁶
747 5309 790 5382 iit
808 5309 998 5402 respoudit,
1020 5317 1055 5385 et
1072 5309 1160 5384 dixit
1177 5311 1308 5397 adme,

491 5437 666 5528 interroga
694 5437 873 5511 matricem
903 5437 1084 5522 metieris,
1122 5446 1157 5513 et
1183 5439 1240 5512 dte
1266 5440 1312 5513 ad

493 5581 592 5647 eam,
622 5565 658 5636 Si
686 5563 807 5638 decem
827 5564 932 5656 paris,
954 5581 1062 5657 quare
1089 5583 1153 5658 per
1170 5571 1309 5658 munius

491 5692 580 5766 nou·
593 5692 686 5785 poris
701 5695 783 5766 eost
795 5693 889 5785 Roga
904 5690 986 5786 crgo
1002 5711 1089 5780 eom,
1107 5700 1145 5769 ut
1160 5693 1219 5768 det
1232 5693 1313 5770 illos

1403 349 1539 426 decem.
1552 311 1595 386 '⁸⁷
1614 349 1657 424 Et
1683 319 1778 434 dixi,⁸
1801 309 1876 424 Nou
1898 356 2013 440 potest,
2034 351 2144 440 bombo,

1403 477 1472 552 nisi
1490 477 1686 552 secuudum
1702 482 1853 568 tompus.
1875 467 1905 512 ‘⁸
1917 477 1957 550 ut
1972 476 2046 552 dixit
2059 479 2091 554 ad
2103 501 2145 566 ue,

1354 589 1358 598 ’
1404 607 1448 680 Et
1464 625 1530 698 ego
1557 606 1640 680 dedi
1657 611 1783 679 terram
1801 607 1974 680 matricem
1998 607 2035 680 iis
2057 611 2100 700 qui
2112 629 2148 684 n·

1403 735 1506 808 uiuut
1524 751 1631 826 super
1648 751 1725 808 eam
1742 751 1807 825 per
1825 739 1970 826 tempus.
1994 724 2019 768 ‘⁹
2035 737 2150 821 duemd·

1404 862 1549 936 modum
1577 861 1672 935 euim
1703 860 1817 934 intans
1850 878 1920 934 uon
1950 861 2037 951 pan't,
2062 881 2149 936 uoce

1405 1007 1495 1082 quae
1521 989 1640 1063 senuit
1664 983 1812 1062 adduce
1828 987 1880 1060 sic
1906 992 1939 1060 et
1964 1003 2022 1078 ego
2045 987 2151 1076 dbpooi

1404 1119 1581 1192 saeculum
1610 1115 1707 1208 quod
1734 1113 1859 1190 creavi.
1887 1105 1974 1207 Pur
2004 1116 2152 1206 increpo·

1405 1263 1511 1329 eum,
1540 1250 1576 1318 et
1606 1244 1704 1327 dixi,
1736 1242 1827 1316 (tum
1851 1242 1931 1332 jam·
1956 1239 2074 1316 dederis
2100 1241 2154 1312 niti
2203 1285 2204 1290 Ν

1404 1373 1507 1454 riam,
1527 1373 1652 1463 loquar
1670 1387 1787 1442 coram
1806 1375 1857 1444 te:
1885 1369 1957 1460 ipsa
1974 1375 2065 1442 mator
2078 1373 2153 1440 amin

1406 1499 1502 1582 Sion,
1524 1499 1568 1572 de
1588 1517 1656 1591 qua
1672 1497 1791 1572 dixisti
1815 1497 1910 1576 mibi.
1930 1498 2029 1578 uum',
2045 1495 2153 1576 bonine,

1401 1625 1542 1717 juvenis
1569 1631 1623 1699 est
1649 1625 1776 1708 adbuc,
1806 1643 1850 1696 au
1875 1623 1945 1714 jam
1963 1623 2154 1710 seuenotiep

1405 1753 1644 1844 propinquari
1670 1741 1699 1786 ‘¹
1719 1753 1762 1823 ut
1789 1749 1980 1840 respoudit,
1999 1755 2029 1820 et
2049 1747 2113 1820 dixit
2129 1745 2155 1816 ad

1405 1897 1487 1964 me,
1516 1881 1693 1969 interroga
1720 1895 1799 1950 eam
1827 1893 1916 1968 quae
1941 1873 2156 1966 perincidet
2205 1849 2206 1888 ³

1404 2005 1481 2080 tibi.
1508 1996 1540 2042 ⁵¹
1558 2008 1620 2080 bic
1638 2007 1682 2089 ei,
1703 2007 1818 2093 Quare
1838 1989 1926 2098 quos
1944 2005 2027 2097 paris
2042 2021 2119 2084 oum,
2131 2001 2157 2072 ai·

1405 2135 1507 2208 mites
1542 2139 1626 2208 sunt
1651 2133 1841 2224 prioribus,
1871 2123 1934 2206 a'ed
1958 2131 2087 2204 minores
2106 2133 2157 2198 sut

1406 2249 1621 2335 auturan¹³
1639 2259 1682 2330 Et
1699 2259 1792 2336 dicet
1810 2259 1926 2332 tibiet
1941 2259 2019 2347 ipsa,
2043 2256 2096 2328 nti
2108 2259 2158 2324 suot
2206 2347 2207 2356 ἵ

1407 2389 1524 2480 quiin
1545 2387 1672 2461 virtute
1683 2385 1879 2476 juventutis
1897 2384 1966 2456 uati
1981 2387 2068 2456 suot:
2089 2385 2113 2452 ct
2125 2378 2159 2450 aii

1406 2515 1563 2609 suutfqui
1581 2515 1619 2586 iu
1637 2489 1819 2588 senectute
1838 2517 2020 2586 nascuntur
2031 2508 2159 2584 deficiente

1407 2644 1561 2716 matrice.
1582 2632 1620 2688 ,ea
1635 2641 1827 2715 Considera
1848 2647 1884 2714 et
1900 2648 1947 2724 to,
1966 2647 1999 2714 et
2014 2637 2088 2720 ride,
2109 2651 2160 2724 poc
2207 2631 2208 2642 '

1406 2770 1500 2842 niam
1529 2769 1683 2841 minores
1711 2769 1796 2842 estis
1823 2773 1954 2842 statura
1979 2784 2052 2858 prae
2071 2765 2103 2836 iis
2123 2763 2158 2852 qoi

1408 2903 1488 2970 aute
1519 2915 1606 2970 voss
1634 2886 1665 2932 ⁵⁵
1684 2901 1720 2970 et
1751 2897 1813 2987 qui
1846 2897 1929 2988 post
1958 2911 2016 2968 nos
2046 2891 2160 2966 venient,

1407 3029 1510 3097 eruut
1535 3023 1722 3096 minores·
1750 3041 1857 3114 quam
1876 3041 1950 3106 ros,
1969 3021 2041 3112 quia
2059 3018 2113 3108 jau
2131 3033 2162 3088 se

1406 3153 1483 3224 nuit
1509 3155 1691 3234 creatura,
1720 3157 1755 3224 et
1790 3150 1901 3223 robur
1931 3145 2095 3242 iuventutis
2115 3143 2162 3232 ejus

1406 3279 1594 3370 praeteriit.
1631 3279 1674 3352 uc
1710 3279 1903 3370 respondi,
1932 3285 1966 3352 et
1989 3275 2072 3356 dixi,
2100 3273 2161 3360 nep

1406 3412 1452 3488 te,
1481 3403 1639 3488 bomine,
1660 3405 1692 3478 si
1719 3405 1837 3478 moeni
1866 3407 2005 3498 gratiam
2028 3415 2118 3474 cono
2136 3401 2162 3470 tc

1406 3533 1607 3608 demonstra
1633 3549 1736 3606 serre
1763 3537 1836 3618 tuo,
1857 3552 1921 3625 per
1939 3549 2038 3625 quem
2058 3521 2165 3600 vetem

1407 3665 1602 3733 creaturam
1619 3663 1728 3732 tuam.

1459 3787 1526 3868 vi,
1556 3775 1631 3858 ‘Et
1657 3784 1859 3876 respoudit,
1881 3792 1926 3880 et
1951 3783 2032 3860 dixit
2058 3778 2094 3852 ad
2113 3791 2165 3848 ne,

1376 3912 1571 3986 -initium‘
1599 3930 1663 4004 per
1689 3911 1881 4019 bominem,
1910 3914 1988 3992 unis
2016 3916 2109 3983 auum
2128 3915 2167 3992 per

1407 4041 1667 4132 memetipsum.
1693 4041 1789 4112 Siout
1815 4042 1912 4114 euim
1930 4031 2167 4130 antequauesstt

1407 4175 1499 4241 terra
1529 4165 1636 4251 orbis,
1665 4173 1701 4240 et
1731 4175 1917 4259 autequam
1950 4170 2069 4242 starent
2090 4158 2167 4232 erius

1407 4295 1559 4378 sacculi,
1593 4299 1627 4368 et
1662 4299 1847 4388 antequam
1876 4297 2041 4388 spirarent
2069 4283 2168 4384 pondu

1407 4441 1510 4496 suum
1530 4423 1645 4496 venti·
1673 4413 1734 4496 ¹et
1752 4431 1937 4516 eumquam
1961 4423 2168 4498 audirentur

1407 4545 1608 4633 tonitruum,
1630 4555 1664 4624 et
1681 4557 1866 4644 antequam
1886 4551 2093 4644 splenderent
2112 4539 2170 4612 un

1406 4695 1465 4752 res
1492 4679 1783 4762 coruscationum,
1805 4685 1839 4753 et
1857 4687 2034 4772 antequam
2055 4673 2168 4745 tiruore

1405 4812 1463 4879 tur
1482 4812 1572 4878 terra
1585 4791 1748 4896 paradisi,
1769 4797 1829 4880 ’ct
1845 4814 2025 4900 antequam
2041 4797 2170 4872 videretur

1407 4917 1514 5006 decor
1529 4933 1670 5018 dorum
1688 4941 1722 5008 et
1748 4941 1933 5028 numquam
1959 4925 2170 5008 confirmaretur

1406 5061 1460 5133 nis
1491 5066 1673 5144 motuum,
1703 5067 1738 5134 et
1764 5068 1948 5153 enmqoram
1975 5053 2168 5147 cottiperenbt

1405 5186 1681 5262 innumerabiles
1713 5189 1855 5264 militiae
1886 5189 2096 5280 angelorum,
2121 5163 2170 5238 ‘ti

1405 5323 1592 5408 autequam
1625 5318 1848 5392 exturbaretur
1872 5316 2013 5392 altitudo
2037 5307 2126 5386 aeds,
2148 5299 2170 5366 et

1405 5449 1590 5535 antequam
1616 5447 1881 5520 nominarentur
1899 5457 2071 5520 mensurae
2087 5433 2169 5506 drut-

1403 5577 1618 5656 mentorum,
1647 5580 1682 5648 et
1708 5579 1893 5666 autequam
1911 5571 2096 5646 'firmaretur
2116 5567 2168 5626 sti·

1404 5696 1537 5774 betium
1561 5699 1656 5785 Sion,
1686 5689 1756 5775 ‘et
1772 5706 1959 5794 aemorum
1973 5690 2171 5779 moenere·
