4690 6406
452 418 569 481 lttttn.
611 415 655 484 ris
681 415 733 484 sui
756 423 789 485 et
813 418 877 486 erit
899 417 931 486 in
957 425 1026 486 tes-

611 532 967 602 mmmmmm

608 651 707 726 poolu
732 645 785 712 dei
809 645 994 730 acceptant-

609 757 638 822 le
664 763 696 822 et
721 775 788 824 non
813 759 945 826 eueniet
1059 765 1062 772 '

519 953 525 963 ἱ
610 871 649 936 ah
675 851 850 954 ilto'plaga
874 877 910 938 ut
934 889 1007 956 per-

610 981 665 1046 ‹tat
690 988 723 1048 et
747 988 784 1048 ut
808 981 1006 1062 exterminet

611 1112 669 1160 ens
694 1093 726 1159 in
752 1111 838 1160 anno
862 1094 919 1162 illo
943 1095 976 1161 in
1001 1113 1067 1180 qno

611 1209 730 1276 lanient
755 1211 877 1293 paseha
901 1210 936 1276 in
959 1218 1041 1278 tem-

611 1339 690 1404 poro
715 1341 777 1390 suo
801 1323 985 1390 seeundum

611 1433 766 1501 uniuersa
791 1453 949 1522 praec-ep-

611 1551 640 1610 ta
666 1545 738 1612 eius
761 1555 795 1613 et
819 1564 887 1614 non
910 1565 1005 1614 man-

610 1655 785 1725 ducauitur
808 1660 890 1727 loris
913 1679 930 1728 a

610 1755 867 1840 sanctificatione
891 1775 1015 1842 domini

609 1884 668 1951 sed
692 1901 789 1953 secus
813 1869 963 1954 t'aherna-

610 1998 721 2066 nulum
744 1998 869 2066 domini
893 2005 926 2066 et
951 1999 1059 2066 omnis

608 2110 787 2178 multitudo
812 2111 957 2180 liliorum

609 2223 744 2291 istrahel
768 2224 889 2292 lanient
912 2225 953 2290 il-

609 2335 665 2402 lud
689 2337 723 2402 in
748 2344 898 2423 tempore
922 2356 984 2406 suo

610 2455 643 2514 et
667 2449 775 2516 omnis
799 2450 900 2518 homo
926 2450 996 2536 qui-

555 2601 559 2610 ·
609 2578 751 2646 eumque
773 2562 1005 2647 praetermise-

610 2673 652 2740 rit
675 2673 708 2740 in
733 2674 923 2762 uisitatione

608 2785 808 2854 manducare
830 2787 912 2856 illud

607 2898 640 2964 in
666 2899 925 2968 sanctificatione

611 3011 673 3098 dei,
688 3011 795 3079 nostri
818 3012 852 3080 in
877 3031 973 3081 eous-

516 3175 522 3187 .
609 3129 709 3208 peetu
733 3124 859 3193 domini
883 3143 900 3192 a
925 3125 1067 3194 uicensi-

610 3254 665 3304 mo
690 3255 776 3304 anno
801 3244 834 3305 et
858 3255 959 3324 supra

611 3351 767 3438 quoniam
791 3353 839 3420 sio
863 3371 956 3438 prae-

610 3473 743 3550 ceptum
767 3474 818 3534 est
841 3473 874 3534 et
897 3467 999 3536 sorih

611 3585 682 3644 tum
707 3585 742 3646 ut
765 3580 942 3650 manduce-

522 3751 528 3764 .
610 3699 663 3760 tur
687 3693 720 3760 in
737 3695 919 3764 sanetifica-

612 3805 702 3874 tione
727 3807 799 3876 eius
823 3817 856 3877 et
880 3826 994 3894 quem·

612 3920 792 3990 admodum
816 3921 951 3990 uenient

611 4033 669 4100 lilii
694 4033 830 4103 istrahel
853 4035 887 4102 in
913 4042 978 4102 ter·

612 4163 647 4212 ra
671 4147 895 4230 possessionis

611 4259 761 4344 ipsorum
785 4261 818 4328 in
843 4267 931 4328 terra

612 4369 769 4438 chanaam
793 4379 826 4440 et
849 4373 976 4442 inhahi-

611 4484 728 4552 lahunt
751 4485 784 4552 in
808 4485 960 4553 taberna-

609 4599 685 4666 culo
710 4599 762 4666 dei
786 4599 820 4666 in
845 4597 957 4668 medio
982 4605 1049 4666 ter-

611 4727 667 4778 rae
692 4711 723 4777 in
749 4729 814 4780 una
839 4711 926 4780 trihu
951 4711 1002 4797 ip-

613 4842 726 4893 sorum
750 4825 912 4912 usquein
936 4825 1022 4894 diem

612 4955 675 5024 qua
699 4939 926 5008 aedificabitur

614 5053 829 5122 sanctificatio
853 5053 906 5122 dei
930 5055 964 5122 in

613 5173 710 5235 terra·
736 5174 769 5236 et
792 5173 890 5234 erunt
913 5183 974 5234 ue·

613 5279 742 5348 aientes
766 5285 799 5347 et
822 5279 942 5348 iacien-

613 5399 663 5461 tes
684 5394 804 5479 paseha
828 5393 862 5462 in
886 5411 985 5462 eons-

613 5514 711 5593 peotu
736 5509 938 5577 tabernaculi

596 5619 661 5688 'dei
686 5637 747 5706 per
768 5621 917 5707 singulos
940 5641 999 5690 an-

613 5755 685 5807 nos·
707 5743 744 5807 et
767 5739 800 5809 in
824 5745 975 5826 tempore

1222 237 1401 300 -tr't-

1347 419 1417 482 rot.
1434 433 1465 482 n.
1502 434 1568 502 qrro
1593 417 1819 486 aedificabitur

1384 3129 1410 3192 h.

1500 532 1620 600 domus
1645 533 1678 600 in
1703 533 1836 602 nomine

1499 644 1623 710 domini
1648 643 1681 711 in
1706 651 1792 712 terra
1818 663 1951 734 posses-

1500 757 1602 834 sionis
1627 757 1776 840 ipsorum

1500 867 1565 934 illic
1591 867 1769 934 olierentes
1793 875 1827 935 et

1497 981 1687 1049 mactabunt
1711 981 1831 1066 pascha

1498 1095 1538 1160 erl
1562 1111 1704 1178 uespere
1728 1093 1813 1162 cirea

1499 1213 1654 1274 oceasum
1679 1205 1759 1274 solis
1783 1207 1816 1272 in

1497 1317 1592 1386 tertia
1616 1317 1669 1385 die
1692 1325 1725 1384 et
1749 1319 1831 1386 oue-

1497 1437 1572 1498 rent
1596 1432 1790 1516 sauguinem
1814 1432 1886 1500 eius

1498 1560 1599 1628 super
1622 1545 1736 1612 basem
1760 1546 1843 1612 alta-

1497 1657 1542 1724 ris
1567 1665 1600 1724 et
1624 1659 1754 1744 adipem
1778 1661 1856 1728 olle-

1499 1774 1573 1833 rent
1597 1785 1699 1853 snper
1722 1769 1833 1853 ignem
1874 1783 1878 1789 ’

1497 1879 1608 1962 altaris
1632 1887 1665 1948 et
1689 1899 1805 1950 earnes

1494 1995 1743 2064 manducabunt
1767 2015 1820 2064 as-

1500 2125 1554 2175 sas
1579 2107 1654 2193 igne
1679 2109 1712 2176 in
1738 2109 1858 2178 atrium

1501 2222 1620 2290 domus
1645 2223 1808 2290 santifica-

1499 2341 1552 2401 tae
1575 2336 1608 2400 in
1634 2335 1768 2402 nomine
1787 2335 1912 2403 domini

1438 2507 1444 2518 .
1497 2455 1531 2514 et
1555 2465 1622 2514 non
1646 2455 1806 2532 poterunt

1498 2562 1604 2640 iacere
1630 2560 1750 2646 pascha
1774 2560 1807 2626 in
1833 2560 1880 2626 ei-

1497 2673 1655 2742 uitatihus
1680 2672 1830 2758 ipsorum
1902 2667 1912 2676 “

1497 2787 1529 2852 in
1554 2787 1643 2854 omni
1667 2786 1741 2854 loon
1765 2785 1828 2854 nisi

1496 2899 1529 2966 in
1553 2906 1768 2984 conspectum

1497 3014 1699 3082 tabernaculi
1722 3013 1848 3081 domini

1493 3135 1527 3194 et
1550 3127 1582 3194 in
1608 3133 1790 3212 conspeetu
1814 3127 1873 3193 do

1495 3257 1570 3308 mus
1595 3240 1651 3308 uhi
1676 3239 1840 3308 habitauit

1500 3371 1622 3420 nomen
1646 3353 1718 3421 eius
1742 3368 1845 3437 super

1413 3507 1431 3529 a.
1498 3465 1614 3550 ipsam·
1640 3473 1674 3533 et
1697 3483 1764 3532 non
1788 3482 1883 3533 erer-

1495 3580 1616 3648 rahunt
1640 3580 1681 3648 de
1706 3587 1782 3665 post
1813 3579 1985 3647 dominum
2011 3627 2014 3635 .

1476 3695 1517 3758 Et
1541 3698 1577 3758 tu
1601 3692 1858 3760 monse‘manda

1499 3804 1575 3872 siliis
1599 3805 1734 3872 istrahel
1759 3813 1796 3872 ut

1497 3917 1687 3985 custodiant
1710 3935 1808 4003 prae·
1891 3911 1893 3916 ’

1498 4035 1631 4114 neptum
1655 4029 1797 4116 paschae

1496 4149 1530 4228 et
1553 4143 1832 4227 quemadmodum

1498 4257 1692 4326 mandatum
1717 4266 1768 4327 est
1793 4259 1853 4328 tihi

1494 4369 1600 4438 indica
1624 4370 1689 4438 illis
1713 4390 1775 4458 per
1799 4372 1910 4457 singu-

1399 4549 1402 4554 .
1497 4483 1548 4552 los
1573 4485 1661 4552 enirn
1685 4503 1791 4554 annos
1816 4485 1848 4552 in

1496 4605 1647 4684 tempore
1671 4598 1800 4666 dierum

1495 4729 1635 4779 suorum
1658 4719 1692 4781 et
1714 4729 1775 4798 per
1797 4711 1888 4778 diem

1497 4825 1619 4892 testum
1643 4839 1834 4908 azymorum

1497 4943 1534 5004 ut
1557 4937 1757 5005 manducent
1780 4953 1855 5020 azy-

1497 5069 1549 5119 ma
1574 5059 1703 5138 septem
1727 5051 1797 5119 dies

1498 5173 1531 5232 et
1555 5171 1591 5234 ut
1615 5164 1734 5232 iaciant
1758 5164 1846 5234 diem

1498 5281 1621 5348 testum
1645 5279 1716 5348 eius
1741 5285 1775 5348 et
1797 5286 1836 5347 ut

1497 5393 1796 5462 ollerant‘ohlatlo-

1497 5525 1574 5578 nem
1598 5525 1659 5594 per
1682 5509 1831 5594 singulos

1496 5621 1568 5690 dies
1591 5623 1623 5690 in
1647 5627 1776 5707 septem
1799 5619 1917 5694 diebus

1499 5738 1642 5808 laetitiae
1668 5737 1703 5808 in
1727 5755 1835 5810 cons.
