4690 6406
966 277 1149 340 „39-

177 465 252 529 tud.
270 481 302 529 o.
338 473 453 529 creans
476 463 593 527 cuncta
617 455 669 526 cui
1072 457 1145 521 125.
1157 473 1189 520 u.
1203 457 1243 521 ct
1263 437 1300 520 'iu
1319 451 1381 520 ilio
1403 458 1555 536 tempore

172 577 277 640 xxxi
334 572 436 640 orasti
460 572 645 640 orationem
1047 631 1056 638 .
1223 565 1336 634 nubet
1356 564 1391 631 in
1415 571 1511 630 utero
1535 563 1594 632 ba-

313 690 354 754 ut
379 686 462 754 dixit
486 687 642 768 rebeccae

338 799 424 866 uade
449 817 523 866 eum
549 798 617 864 filio
644 803 701 866 tuo

294 915 299 922 '
336 919 368 978 et
393 911 452 980 ibit
475 912 613 979 rebecca
637 925 713 978 oum

337 1023 404 1089 titio
429 1041 490 1091 suo
516 1023 608 1090 iacob
633 1029 666 1090 et
694 1019 776 1090 deb·

336 1137 432 1202 borra
457 1135 568 1204 nutris
592 1153 653 1202 sua
677 1149 754 1202 cum

337 1266 375 1314 ea
400 1257 433 1316 et
456 1249 665 1316 aduenerunt

337 1363 369 1429 in
395 1363 506 1430 betbei
532 1371 564 1430 et
588 1378 718 1430 memor

337 1476 397 1542 init
420 1475 661 1574 benedictionis

337 1609 400 1675 qua
424 1581 592 1657 benedixit
618 1606 695 1656 eom

337 1711 431 1786 pater
454 1721 534 1770 suus
560 1707 593 1768 et
609 1701 703 1788 duos

339 1815 519 1882 filiuseius
545 1814 633 1880 leuui
658 1821 693 1880 et

337 1922 446 1994 iudam
471 1935 503 1993 et
528 1925 662 2015 gauisus
687 1933 738 1992 est

339 2047 372 2106 et
395 2038 562 2106 benedixit
586 2039 687 2105 deum
711 2055 766 2122 pa-

338 2159 426 2217 trum
450 2168 587 2218 snorum
612 2149 704 2216 abra-

340 2263 415 2332 bam
439 2270 473 2330 et
497 2263 563 2330 isac
588 2279 676 2328 nnnc
699 2279 779 2345 cog-

339 2375 417 2444 noui
442 2377 598 2460 quoniam
622 2389 699 2458 spes

340 2487 420 2554 mibi
444 2495 494 2553 est
518 2494 652 2553 aeterna
674 2493 708 2552 et

339 2597 413 2666 titiis
438 2599 520 2666 meis
545 2599 579 2665 in
604 2615 699 2665 oons-

341 2717 439 2795 peotu
463 2711 517 2778 dei
541 2709 751 2795 omnipoten-

342 2821 384 2887 tis
409 2828 443 2888 et
466 2821 514 2888 sic
537 2829 608 2889 erat
631 2821 735 2906 depu-

343 2939 446 3000 tatum
471 2951 573 3018 super
597 2933 682 3002 duos

345 3049 378 3110 et
401 3044 513 3129 portio
538 3044 688 3130 ipsorum

247 3209 254 3220 .
344 3153 377 3220 in
403 3154 603 3224 testimoniis
626 3171 696 3222 sae

345 3267 410 3334 culi
435 3268 468 3335 in
493 3268 613 3336 tabuiis
638 3268 718 3336 caeti

349 3379 631 3464 quemadmodum
646 3379 702 3448 be

344 3493 649 3562 mmmm

179 3607 302 3672 xxxii
330 3607 369 3672 Et
393 3605 609 3674 dormierunt·
624 3603 657 3672 in

344 3726 442 3786 nocte
466 3719 520 3786 illa
544 3719 577 3784 in
601 3715 711 3786 bethel

347 3839 379 3898 et
402 3833 582 3900 somniauit
606 3831 695 3900 leuui

345 3943 438 4029 quasi
463 3945 639 4012 ordinatus
656 3944 708 4016 vsit

346 4059 378 4124 in
402 4059 609 4126 sacerdotem
634 4057 688 4125 dei
714 4075 768 4124 en-

345 4170 424 4238 celsi
449 4189 553 4256 usque
578 4171 766 4238 insaecula

347 4293 380 4352 et
402 4285 651 4369 expergefactus

348 4415 367 4462 a
390 4415 509 4464 somno
533 4413 595 4464 suo
620 4396 754 4464 benedi-

352 4509 398 4576 xit
421 4509 530 4578 deum·
561 4511 602 4576 Et
625 4527 790 4592 exurgens

347 4619 441 4687 iacob
466 4621 612 4712 diluculo
636 4621 669 4688 in
693 4639 789 4706 orrar-

353 4733 511 4802 tadecima
534 4735 589 4802 die
613 4735 736 4801 mensis

351 4842 448 4912 buius
473 4845 649 4914 decimauit
673 4847 748 4912 uni-

344 4973 448 5036 uersa
472 4975 700 5044 quaecumque
789 4983 795 4988 ·

352 5077 517 5138 uenerunt
540 5087 615 5138 cum
639 5088 679 5138 eo

351 5181 392 5248 ab
404 5181 539 5252 bomine
550 5201 656 5270 usque
669 5185 710 5252 ad
723 5203 792 5250 onr-

258 5295 264 5306 ‘
353 5295 429 5364 n'ern
452 5297 594 5365 animam
618 5305 651 5365 et
674 5300 714 5366 ab

352 5426 433 5477 auro
457 5417 492 5477 et
514 5429 619 5496 usque
644 5411 686 5476 ad
710 5428 780 5477 om-

353 5539 395 5591 ae
419 5542 479 5592 uas
502 5531 536 5592 et
558 5524 737 5592 uestimen-

354 5641 425 5702 tum
448 5636 624 5706 decimauit
648 5637 722 5702 uni-

337 5763 449 5826 ,uersa

1223 679 1357 746 bentem
1380 674 1546 743 beniamin

1221 789 1323 856 fitium
1349 806 1447 856 suum
1471 806 1609 857 enume—

1221 901 1307 968 ranit
1331 901 1424 968 iacob
1449 903 1489 968 ab
1513 903 1586 986 ipso
1610 902 1651 968 fi-

1224 1015 1285 1082 rios
1311 1033 1390 1102 suos
1414 1023 1447 1082 et
1471 1015 1620 1083 ascendit

1101 1187 1104 1192 ,
1223 1136 1257 1195 et
1280 1127 1398 1196 cecidit
1422 1128 1510 1196 leoni
1536 1129 1569 1196 in

1223 1249 1349 1309 sortem
1360 1241 1412 1309 dei
1426 1249 1458 1310 et
1471 1242 1662 1310 induiteum

1223 1363 1317 1440 pater
1341 1372 1421 1423 suus
1446 1355 1624 1422 uestimen-

1224 1473 1254 1532 ta
1279 1466 1496 1535 sacerdotalia
1520 1473 1554 1534 et
1579 1467 1626 1534 in-

1129 1655 1133 1664 ·
1226 1579 1330 1664 plauit
1353 1598 1472 1648 manus
1497 1579 1568 1648 eius

1225 1691 1257 1758 in
1284 1692 1336 1760 die
1361 1693 1607 1777 quintodecimo

1223 1803 1346 1871 mensis
1370 1803 1468 1872 buius
1493 1813 1527 1872 et
1551 1805 1609 1872 ob-

1225 1915 1299 2004 tulit
1323 1915 1453 2000 inipso
1478 1917 1518 1983 ad
1544 1917 1645 1984 altare

1222 2027 1346 2095 uitulus
1370 2027 1411 2095 de
1435 2030 1543 2098 bubos
1568 2039 1662 2115 quat-

1224 2140 1407 2208 tuordecim
1432 2149 1465 2209 et
1490 2143 1573 2209 arie·

1222 2253 1264 2320 tis
1289 2253 1406 2338 uiginti
1431 2261 1464 2321 et
1489 2255 1565 2322 octo

1222 2373 1255 2432 et
1280 2383 1361 2434 oues
1386 2367 1581 2451 quadragin-

1222 2485 1253 2546 ta
1277 2487 1310 2548 et
1334 2497 1456 2548 nouem
1479 2489 1513 2549 et
1536 2481 1639 2550 hedos

1225 2601 1353 2678 septem
1377 2594 1488 2662 biroos
1513 2613 1624 2678 caora-

1224 2723 1298 2774 rum
1322 2707 1438 2792 uiginti
1463 2715 1504 2776 et
1521 2725 1623 2796 unum

1232 2819 1313 2888 baec
1336 2821 1597 2890 olocaustomata

1227 2931 1260 2998 in
1284 2933 1436 3002 altarium
1460 2936 1584 3005 tructo-

1228 3063 1284 3112 um
1308 3048 1509 3132 acceptabile
1534 3049 1568 3115 in

1135 3209 1141 3220 .
1227 3157 1365 3226 odorem
1389 3161 1562 3229 suauitatis

1231 3269 1263 3336 in
1288 3279 1470 3357 conspectu
1494 3273 1546 3340 dei
1571 3273 1633 3342 boc

1230 3391 1301 3450 erat
1324 3401 1446 3451 munus
1470 3385 1542 3451 eius
1566 3403 1585 3452 a
1609 3403 1671 3452 uo-

1230 3502 1264 3563 to
1289 3511 1355 3580 quo
1381 3503 1515 3564 uouerat
1538 3495 1600 3563 de·

1227 3607 1349 3674 cimare
1372 3625 1447 3674 eum
1471 3607 1596 3675 sacrifi·

1119 3749 1121 3754 ·
1229 3719 1288 3788 ciis
1312 3727 1345 3788 et
1369 3737 1444 3788 cum
1468 3719 1547 3788 uino
1576 3719 1667 3804 ipso-

1231 3851 1304 3901 rum
1328 3841 1361 3901 et
1384 3833 1516 3920 quando
1540 3849 1620 3902 oon-

1229 3947 1371 4032 sumpsit
1396 3947 1481 4031 ignis
1505 3945 1583 4014 liba-

1228 4075 1308 4126 num
1333 4075 1434 4143 super
1456 4060 1567 4144 ignem

1227 4171 1371 4255 desuper
1395 4178 1428 4236 et
1452 4170 1575 4238 sacrifl-

1229 4283 1316 4350 cium
1339 4283 1483 4350 salutare
1504 4282 1591 4350 uitu-

1229 4395 1280 4466 los
1304 4395 1389 4465 duos
1412 4397 1533 4466 arietes
1556 4405 1651 4483 quat-

1230 4511 1306 4576 tuor
1329 4525 1432 4593 agnos
1456 4511 1592 4578 annicu-

1230 4621 1281 4688 los
1305 4621 1390 4692 duos
1415 4626 1524 4694 bircos
1549 4643 1600 4693 ca·

1230 4751 1364 4819 pratum
1389 4737 1474 4804 duos
1497 4743 1531 4804 et
1555 4739 1652 4804 semet

1230 4843 1311 4912 baec
1333 4845 1471 4914 iaciebat
1494 4855 1563 4914 cot·

1231 4957 1310 5025 tidie
1334 4959 1366 5026 in
1391 4967 1518 5046 septem
1543 4959 1659 5028 diebus

1232 5079 1265 5140 et
1288 5071 1505 5142 benedicebat
1528 5081 1561 5142 et

1231 5185 1390 5268 hymnum
1414 5185 1542 5254 dicebat
1565 5185 1628 5254 deo

1232 5297 1288 5382 qui
1312 5299 1464 5366 liberauit
1486 5317 1562 5367 euru
1586 5301 1627 5367 de

1232 5411 1385 5479 omnibus
1409 5411 1590 5480 tribulatio-

1232 5523 1329 5592 nibus
1354 5525 1425 5592 cius
1448 5533 1482 5593 et
1505 5525 1660 5611 quoniam

1232 5635 1374 5706 reddidit
1398 5645 1513 5706 uotum
1536 5655 1635 5708 suum

1229 5757 1263 5818 et
1285 5749 1461 5820 decimauit
1482 5749 1615 5820 uniuer-
