4690 6406
162 331 242 394 ido.
302 323 412 392 addita
435 327 487 390 est
510 321 543 390 in
567 321 638 390 dies
662 320 733 390 dio-

306 453 380 504 rum
404 435 566 504 festorum
591 451 710 504 secun-
735 477 741 492 ·

306 549 386 617 dum
410 565 586 616 numerum
610 547 681 616 die-

307 679 380 730 rum
404 661 491 729 anni·

284 779 324 844 Et
348 773 534 861 nigensimo
559 774 612 843 die

308 890 432 958 mensis
457 889 556 958 buius
581 890 614 958 in
638 907 718 960 noc-

307 1011 340 1071 te
364 1003 462 1072 tertia
486 1009 619 1072 mortua

307 1125 367 1190 est·
393 1117 544 1185 Debonra
567 1117 683 1184 nutriar

308 1231 464 1299 rebeccae
488 1237 521 1298 ct
543 1231 655 1315 sepel-

312 1342 433 1410 lierunt
457 1360 530 1411 eam
554 1341 668 1410 inieri-

310 1475 348 1524 us
372 1455 506 1524 ciuitate
531 1457 593 1524 sub
618 1456 712 1542 glau-

308 1571 406 1638 dein
431 1577 616 1639 torrentem
641 1577 674 1638 et

310 1690 516 1752 uocauerunt
541 1700 664 1751 nomen

311 1797 373 1866 loci
398 1797 488 1866 illius
512 1803 646 1864 torrens

310 1909 475 1978 debborae
499 1916 533 1976 et
557 1909 637 1978 abiit
661 1908 706 1976 ia-

310 2022 370 2090 cob
394 2029 428 2090 et
451 2039 609 2090 reuersus
634 2027 685 2090 est

311 2137 343 2204 in
366 2136 461 2205 barin
486 2136 527 2205 ad
551 2142 680 2220 patrem
815 2204 821 2216 ,

311 2267 407 2318 suum
431 2250 499 2320 isac
523 2256 557 2317 et
573 2249 663 2318 misit

310 2363 403 2432 iacob
427 2363 461 2430 in
485 2381 587 2430 manu
611 2361 683 2430 eius

310 2477 428 2546 arietes
452 2485 486 2546 et
510 2494 593 2546 oues
608 2483 643 2544 et

310 2589 419 2657 bircos
443 2590 550 2658 lacere
574 2589 660 2675 patri

310 2721 370 2770 suo
395 2702 488 2770 cibos
512 2701 696 2770 secundum

310 2817 526 2884 uolumtatem
549 2816 622 2884 eius

309 2937 342 2998 et
365 2929 446 2998 abiit
470 2936 547 3016 post
570 2935 712 2998 matram

219 3097 223 3106 .
311 3060 405 3110 suam
430 3057 604 3128 quousque
628 3041 730 3110 adue-

309 3155 356 3224 nit
378 3155 414 3222 in
436 3155 569 3224 debeata
593 3159 626 3222 et
649 3171 703 3222 ro·

310 3267 430 3337 mansit
453 3267 499 3336 ibi
523 3276 557 3336 et
581 3285 684 3354 pepe·

310 3381 353 3450 rit
376 3381 488 3450 racbel
512 3381 545 3448 in
569 3387 667 3451 nocte

309 3491 363 3560 illa
388 3511 529 3580 puerum
553 3499 587 3562 ct
609 3509 707 3562 uoca—
736 3536 741 3549 ι

309 3607 358 3674 uit
381 3623 503 3675 nomen
527 3607 599 3676 eius
622 3606 682 3676 be-

312 3720 444 3787 niamin·
471 3721 512 3786 Et
535 3719 667 3788 iubeleo

311 3834 410 3903 buius
434 3834 468 3902 in
492 3835 623 3904 decimo
647 3834 701 3903 die

311 3947 436 4017 mensis
460 3948 569 4016 octaui
594 3947 662 4032 pri-

309 4079 365 4131 mo
389 4080 476 4130 auno
500 4061 658 4149 septima·

312 4195 429 4246 narum
453 4177 538 4246 sexti
554 4185 634 4246 tunc

312 4295 442 4358 mortua
467 4289 609 4358 estillic
634 4307 686 4358 ra-

311 4402 384 4470 cbel
408 4409 442 4471 et
465 4404 595 4488 sepulta
618 4412 672 4472 est

312 4513 345 4581 in
369 4521 457 4584 terra
480 4514 606 4584 culrata
631 4515 712 4588 baec

311 4633 362 4694 est
384 4627 530 4696 bethlem
554 4635 588 4696 et
610 4645 666 4696 ae-

314 4743 460 4811 dificauil
483 4742 577 4812 iacob
594 4759 698 4829 super

313 4856 503 4941 sepulcrum
527 4856 637 4926 racbel

315 4968 448 5054 titulum
472 4971 543 5039 eius
567 4971 681 5056 sepul-

154 5083 288 5152 xlilllll
313 5083 359 5150 cri
376 5083 458 5152 eius·
484 5087 525 5152 Et
548 5084 628 5154 abiit
651 5085 698 5152 ia-

315 5197 377 5266 cob
394 5203 428 5265 et
443 5198 610 5284 requicuit
687 5227 690 5234 ·

316 5308 356 5376 ad
381 5317 531 5378 austrum
554 5311 689 5396 magda—
727 5303 731 5312 '

316 5421 667 5493 mmmmfflt

318 5537 359 5604 ad
382 5543 512 5622 patrem
527 5553 625 5606 suum
642 5537 712 5606 isac

317 5649 391 5735 ipse
413 5656 447 5720 at
470 5667 556 5719 uxor
578 5667 638 5720 sun
662 5649 722 5720 lia-

915 145 1094 210 ...Η-

1046 325 1139 391 71.α.
1204 325 1238 392 in
1262 323 1368 410 prima
1387 323 1442 392 die
1465 323 1591 393 mensis

1204 436 1333 506 decimi·
1358 439 1400 505 Et
1423 437 1506 506 uidit
1530 455 1588 505 ru·

1205 553 1270 620 ben
1293 551 1415 619 ballam
1439 552 1591 620 ancillam

1203 663 1313 732 racbel
1337 663 1555 733 concubinam

1202 777 1304 864 patris
1329 777 1379 844 sui
1404 777 1570 846 labantem

1206 909 1243 959 se
1266 889 1299 957 in
1325 909 1407 977 aqua
1432 891 1466 958 in
1482 893 1557 960 loco
1575 911 1630 962 oc-

1205 1005 1295 1073 culto
1321 1013 1354 1074 et
1379 1006 1493 1074 dilexit
1517 1025 1591 1076 eam

1205 1126 1238 1186 ot
1262 1119 1412 1189 introiuit
1436 1129 1534 1190 nocte

1207 1231 1357 1300 occultae
1382 1233 1422 1301 ad
1438 1234 1548 1302 bollan

1207 1351 1241 1412 ct
1265 1345 1393 1412 inuenit
1416 1363 1489 1414 eam
1513 1347 1591 1415 dor-

1208 1458 1367 1526 mientem
1391 1459 1425 1526 in
1449 1460 1553 1528 lectu-

1212 1571 1281 1637 lum
1298 1589 1395 1638 suum
1408 1573 1514 1640 solam

1210 1684 1244 1750 in
1269 1685 1482 1753 tabernaculo
1499 1703 1561 1754 suo

1207 1803 1241 1864 et
1265 1797 1423 1866 dormiuit
1447 1815 1523 1866 curn
1548 1817 1586 1867 ea
1698 1837 1702 1846 «

1206 1918 1239 1977 et
1267 1912 1494 1996 expergefacta

1203 2029 1263 2090 est·
1290 2025 1330 2090 Et
1354 2040 1431 2092 ecce
1455 2032 1526 2092 erat

1207 2134 1312 2202 ruben
1338 2154 1413 2204 cum
1437 2137 1507 2223 ipsa
1532 2156 1587 2207 su-

1207 2266 1267 2332 per
1291 2248 1414 2316 lectum
1439 2257 1471 2318 et
1487 2251 1536 2318 le·

1207 2379 1291 2428 uans
1307 2370 1547 2454 sagumtonu·

1202 2475 1228 2542 it
1251 2473 1345 2542 illum
1370 2482 1403 2543 et
1426 2475 1551 2544 uocife-

1202 2593 1272 2654 rata
1295 2593 1347 2654 est
1371 2593 1403 2656 et
1427 2605 1550 2674 cogno·

1203 2699 1252 2768 uit
1276 2700 1432 2786 quoniam
1456 2701 1561 2769 ruben

1206 2820 1257 2880 est
1282 2820 1315 2881 et
1340 2815 1499 2882 contusus
1515 2823 1567 2883 est

1150 2915 1151 2924 ’
1204 2925 1246 2992 ab
1270 2943 1307 2992 ea
1332 2933 1365 2994 et
1389 2927 1513 2995 dimisit
1535 2927 1590 2996 illa

1113 3089 1119 3102 .
1206 3055 1323 3106 manus
1347 3057 1407 3108 sua
1431 3039 1471 3108 ab
1496 3040 1552 3110 illo
1654 3079 1657 3086 ,

1087 3149 1091 3168 ¹
1203 3159 1237 3219 et
1260 3151 1342 3236 lugit
1365 3161 1400 3222 ot
1422 3155 1555 3239 lugebat

1205 3283 1267 3350 pro
1292 3265 1356 3335 boc
1379 3267 1477 3336 ualde
1501 3274 1632 3338 otom-

1205 3378 1238 3446 ni
1262 3377 1388 3446 bomini
1412 3379 1570 3448 indicauit

1204 3491 1483 3577 quemadmodum
1507 3511 1566 3562 ue-

1204 3603 1299 3672 niret·
1325 3607 1366 3672 Et
1390 3623 1466 3674 cum
1490 3625 1547 3676 ue·

1204 3717 1252 3785 nit
1275 3719 1369 3788 iacob
1394 3719 1552 3790 indicauit

1202 3831 1250 3899 1111
1272 3840 1307 3900 ct
1331 3833 1414 3902 dixit
1437 3835 1478 3902 ad
1502 3835 1595 3904 iacob
1717 3843 1721 3850 '

1205 3959 1273 4013 nou
1298 3964 1374 4014 sum
1399 3947 1458 4016 tibi
1474 3965 1574 4016 mun-

1156 4133 1162 4148 ,
1205 4057 1246 4125 da
1271 4061 1427 4144 quoniam
1451 4063 1562 4148 pollu-

1205 4177 1237 4236 ta
1261 4188 1336 4239 sum
1359 4173 1418 4240 abs
1442 4181 1475 4241 te
1499 4191 1584 4261 quo-

1204 4285 1292 4354 niam
1316 4288 1436 4374 polluit
1458 4307 1512 4358 me
1526 4289 1591 4358 'ru-

1204 4401 1319 4470 benet
1343 4403 1501 4474 dormiuit
1525 4423 1594 4474 me·
1624 4477 1630 4490 ,

1205 4532 1281 4582 cum
1304 4523 1402 4586 nocte
1426 4525 1460 4586 et
1476 4533 1539 4603 ego

1204 4643 1294 4694 eram
1318 4629 1532 4699 obdormiens

1205 4749 1239 4808 et
1262 4741 1388 4808 nesciui
1411 4759 1587 4828 monsque

1206 4853 1424 4940 decooperuit
1448 4871 1529 4924 coo-

1206 4969 1390 5056 pertorium
1412 4985 1525 5040 meum

1207 5091 1240 5152 ct
1264 5082 1422 5154 dormiuit
1445 5103 1576 5156 mecum

1184 5199 1225 5264 Et
1249 5196 1353 5266 iratus
1377 5205 1428 5266 est
1452 5197 1547 5268 iacob
1653 5187 1657 5200 ’

1207 5309 1369 5378 aduersus
1385 5310 1491 5380 ruben

1207 5421 1304 5492 ualde
1328 5422 1483 5510 quodiam
1508 5411 1585 5492 dor-

1206 5533 1301 5604 miuit
1325 5551 1402 5604 cum
1425 5535 1510 5606 balta

1184 5650 1225 5718 Et
1248 5665 1316 5718 non
1339 5649 1498 5736 cognouit
