4690 6406
177 391 204 436 c.
230 373 257 438 b.

339 369 569 440 desiderabitis
594 383 693 438 unam

227 511 232 530 '
337 505 465 574 dierum
489 503 535 572 tili
559 502 705 572 bominis

23 619 27 624 ’
131 642 174 704 aa

336 647 370 708 et
393 657 460 708 non
484 639 642 708 uidebitis
665 645 698 707 et
722 639 773 708 di-

335 783 411 842 cent
433 775 532 844 uobis
554 791 632 842 ecce
656 774 709 842 bic
733 783 766 842 et

335 927 412 980 ecce
437 911 503 980 iilic
527 912 631 979 nolite
655 912 703 981 ire
725 929 801 998 neq·
866 891 897 932 ⁶·

336 1047 431 1130 sequi
456 1047 543 1114 sicut
567 1047 655 1114 enim
679 1047 743 1114 iul·

336 1197 398 1264 gur
421 1179 485 1246 sub
510 1181 612 1248 caelo·
626 1179 737 1264 tulgu-

336 1329 413 1380 rans
436 1313 484 1380 sic
509 1314 571 1381 erit
594 1322 628 1382 et
644 1315 769 1383 aduen-

339 1453 392 1514 tus
412 1447 461 1514 tili
486 1449 629 1516 bominis
654 1449 746 1533 prius

334 1587 445 1650 autem
470 1589 603 1668 oportet
627 1601 704 1651 eurn

333 1717 436 1784 muita
461 1718 527 1802 pati
552 1727 587 1786 et
610 1718 768 1804 reproba-

334 1851 361 1918 ri
386 1869 404 1918 a
428 1861 528 1936 gente
552 1853 614 1922 bac
637 1863 671 1922 et
696 1855 787 1952 sicut

333 1986 396 2054 tuit
419 1987 453 2054 in
479 1988 596 2056 diebus
620 2006 686 2058 noe
710 1989 758 2058 sic

336 2121 399 2190 erit
422 2121 455 2190 in
479 2123 597 2192 diebus
619 2123 667 2192 titi
691 2123 797 2192 bomi-

335 2255 388 2324 nis
411 2258 655 2326 manducabant
677 2259 771 2330 bibe-

336 2393 416 2462 bant
440 2395 610 2462 nubebant
634 2413 719 2463 uxo·

334 2545 388 2598 res
412 2529 579 2598 ducebant
602 2547 709 2617 usque
734 2531 766 2598 in

334 2663 387 2730 die
412 2681 475 2748 qua
500 2663 637 2732 intrauit
662 2683 745 2734 nne·

334 2796 367 2864 in
392 2815 503 2866 arcam
527 2805 560 2866 et
584 2797 678 2867 uenit
701 2798 753 2868 di·
874 2813 880 2838 ¹

336 2935 464 3006 tunium
488 2917 522 3006 ct
545 2908 691 3022 perdidit
715 2957 788 3008 om-

336 3087 396 3138 nes
420 3071 574 3140 similiter
597 3071 720 3142 tactum

335 3211 386 3272 est
410 3213 444 3273 et
468 3205 501 3272 in
525 3205 643 3274 debus
668 3207 732 3276 lot·
757 3227 848 3278 man-

334 3337 499 3408 ducabant
522 3341 681 3410 bibebant

293 3449 299 3460 ’
335 3475 489 3544 emebant
513 3477 704 3546 uendebant

131 3747 175 3812 29

180 3881 282 3950 iivili

177 3973 232 4052 39,
250 3972 294 4038 to

152 4063 174 4146 t.
189 4063 221 4128 2.
235 4079 263 4129 r.
276 4079 307 4128 o.

335 3609 526 3694 plantabant
550 3613 704 3681 aedifica-

337 3712 838 3830 mmmmm*

343 3931 803 3951 ιιιιιιιιι

340 4017 375 4084 Li
400 4017 500 4086 dauid
523 4015 682 4086 miserere

336 4151 415 4220 mibi
429 4159 532 4220 -stans
556 4159 667 4220 autem
764 4171 780 4206 ⁸

336 4285 425 4355 iesus
449 4285 546 4355 iussit
569 4305 646 4356 eum
669 4289 775 4358 addu-

336 4418 365 4486 ci
389 4421 445 4505 qui
462 4439 538 4490 cum
562 4421 724 4492 adductus

335 4563 425 4624 esset
449 4557 666 4641 interrogauit

337 4709 414 4760 enm
438 4693 551 4762 dicens
575 4693 649 4778 quis
674 4695 725 4762 uis

338 4827 395 4896 tibi
420 4827 535 4898 inciam
559 4829 601 4898 ad
624 4829 679 4900 iiie
703 4831 749 4898 ait

339 4971 375 5032 ut
400 4963 532 5032 uideam
556 4965 690 5034 domine
714 4973 748 5034 et
772 4985 840 5034 res-

336 5101 487 5186 pondens
511 5103 557 5170 ait
580 5102 627 5172 itti
651 5103 741 5174 iesus
766 5121 818 5170 as-

336 5235 409 5322 pice
431 5235 516 5322 tides
540 5245 595 5306 tua
619 5243 653 5305 te
676 5235 805 5304 saluum

336 5369 411 5440 iecit
434 5379 468 5440 et
492 5373 666 5442 confestim
690 5389 762 5440 res-

335 5505 425 5590 pecit
448 5511 482 5574 et
505 5507 706 5594 sequebatur

335 5657 412 5709 eum
435 5641 647 5726 magnificans

336 5775 436 5848 deum
459 5787 494 5850 et
518 5779 625 5848 omnis
649 5777 792 5864 populus

1251 369 1370 438 uidens
1393 369 1485 438 dedit
1509 369 1641 438 laudem

1253 505 1317 574 deo
1342 513 1375 574 et
1399 523 1476 574 ecce
1500 505 1670 592 ingressus

1252 642 1492 728 pertransiebat
1514 643 1615 711 bieri-

1250 757 1312 824 cbo
1336 764 1370 824 et
1392 773 1469 825 ecce
1492 758 1545 826 uir
1568 759 1701 828 nomine

1249 891 1409 977 zaccheus
1433 899 1467 962 ct
1490 893 1543 962 bic
1566 903 1637 964 erat

1250 1029 1404 1114 princeps
1428 1029 1623 1114 publicanus

1251 1173 1284 1234 et
1308 1165 1457 1250 locuples
1481 1171 1514 1234 et
1536 1183 1673 1250 quaere

1249 1303 1305 1370 bat
1327 1301 1442 1370 uidere
1466 1299 1572 1370 iesum
1596 1301 1670 1386 quis
1755 1341 1757 1346 -

1250 1443 1340 1504 esset
1363 1443 1397 1504 et
1420 1453 1487 1504 non
1511 1442 1642 1522 poterat

1251 1587 1330 1656 prae
1354 1573 1450 1640 turba
1473 1571 1549 1658 quia
1572 1577 1679 1640 statu-

1251 1725 1286 1774 ra
1310 1707 1422 1776 breuis
1445 1715 1516 1776 erat
1539 1715 1573 1776 et
1597 1725 1690 1794 prae

1251 1858 1389 1911 currens
1411 1841 1560 1911 ascendit
1583 1843 1616 1910 in
1774 1812 1777 1826 ’

1102 1997 1117 2044 ·.
1162 2031 1168 2044 .
1248 1977 1401 2046 arborem
1417 1981 1629 2063 sycomorum

1251 2122 1288 2184 ut
1312 2115 1446 2186 uideret
1466 2133 1543 2184 eum
1567 2116 1643 2202 quia

1254 2268 1315 2338 per
1337 2251 1428 2320 iliam
1452 2259 1581 2337 partem
1604 2259 1696 2322 tran-

1252 2387 1378 2458 siturus
1401 2394 1472 2458 erat
1496 2397 1529 2458 et
1553 2389 1674 2458 tactum

1196 2517 1199 2524 ’
1252 2534 1304 2596 est
1326 2543 1403 2594 cum
1427 2526 1583 2596 transiret
1606 2526 1697 2596 iesus

1252 2659 1433 2746 respiciens
1458 2677 1575 2730 susum
1600 2661 1649 2730 ui-

1252 2795 1301 2864 dit
1325 2814 1402 2866 cum
1426 2803 1460 2866 et
1484 2797 1567 2866 dixit
1590 2815 1664 2866 zac-

1126 2991 1133 3004 ,
1178 2967 1181 2974 ν
1253 2932 1353 3020 cbape
1376 2933 1537 3002 testinans
1561 2933 1700 3004 descen—
1781 2965 1820 3000 ·.

1251 3069 1292 3138 de
1318 3069 1393 3156 quia
1417 3069 1516 3140 bodie
1540 3069 1573 3138 in
1599 3069 1700 3140 domo

1250 3210 1306 3272 tua
1331 3211 1464 3290 oportet
1486 3223 1541 3274 me
1564 3221 1679 3274 mane·
1766 3267 1777 3286 ,

1059 3345 1066 3364 ·
1135 3381 1139 3390 -
1250 3347 1332 3408 reet
1355 3339 1514 3408 testinans
1538 3341 1676 3408 descen·

1252 3475 1300 3544 dit
1323 3481 1357 3544 et
1373 3473 1503 3560 excepit
1526 3492 1604 3544 eum
1627 3493 1709 3562 gau-

1251 3609 1335 3678 dens
1359 3627 1426 3696 quo
1450 3608 1524 3677 uiso
1549 3625 1666 3678 omnes

1251 3741 1452 3812 musitabant
1475 3741 1551 3829 quia
1575 3741 1617 3810 ad

1250 3879 1361 3948 uirum
1385 3885 1594 3963 peccatorem
1618 3879 1670 3948 in·
1725 3869 1736 3890 “

1253 4015 1344 4084 troiit
1367 4031 1503 4084 manere
1526 4019 1618 4084 stans

1250 4157 1361 4220 autem
1385 4150 1545 4220 zaccheus
1569 4150 1614 4218 ait
1637 4151 1677 4218 ad

1249 4285 1422 4356 dominum
1445 4303 1522 4356 ecce
1545 4285 1717 4354 dimidiurn

1249 4423 1416 4510 bonprum
1438 4439 1590 4492 meorum

1250 4557 1294 4626 dc
1318 4559 1493 4644 egentibus
1516 4564 1550 4628 et
1573 4557 1602 4626 si
1626 4560 1678 4628 cui

1249 4693 1373 4780 aliquid
1395 4694 1544 4764 fraudaui
1569 4695 1643 4764 rod·

1251 4831 1295 4900 do
1317 4831 1539 4918 quadruplum
1666 4879 1670 4886 -

1228 4969 1281 5036 tit
1304 4975 1415 5044 autem
1438 4967 1528 5038 iesus
1553 4969 1594 5038 ad
1617 4969 1692 5038 iilos
1718 4971 1791 5054 (pria

1248 5100 1347 5170 bodie
1371 5102 1461 5172 salus
1485 5103 1597 5172 domui
1622 5105 1684 5174 bu-

1249 5237 1279 5304 ic
1302 5237 1385 5306 tacta
1408 5245 1460 5308 cst
1483 5238 1639 5324 quoniam

1250 5381 1283 5444 ct
1307 5371 1360 5442 hic
1383 5373 1471 5444 fitius
1495 5375 1649 5444 abrabam

1048 5507 1645 5580 mmmmmm

1249 5645 1392 5714 bominis
1415 5647 1545 5714 saluum
1569 5645 1618 5716 ta-

1249 5797 1324 5850 cere
1347 5787 1380 5850 et
1403 5797 1562 5870 quaerere
1586 5781 1676 5870 quod
