4690 6406
489 349 545 412 ts.
575 363 605 412 c.

741 342 933 412 muneribus
957 359 1040 428 quae

625 458 784 542 inponent
808 455 943 524 domino
967 455 1022 540 qui

626 587 693 636 non
717 576 795 637 sunt
818 567 974 636 sacerdo·
1045 623 1052 636 .

624 689 674 750 tes
697 681 755 748 sed
780 680 868 748 serui
893 680 934 748 de
959 697 1027 748 ser-

620 787 672 863 uis
697 794 778 862 nati·
799 793 856 879 qui
878 793 967 862 enim
991 809 1061 859 ma-

624 910 716 995 gistri
740 915 818 978 sunt
842 909 959 978 docto-

621 1039 674 1090 res
698 1039 814 1090 eorum
839 1021 903 1089 illis
927 1029 1032 1089 tem-.

621 1133 758 1218 poribus
783 1139 880 1200 erunt
904 1133 1023 1200 miran-

621 1252 671 1312 tes
696 1263 856 1330 personas
879 1246 971 1344 cupi-

623 1357 774 1424 ditatum·
799 1364 832 1424 et
856 1375 969 1442 accep-

620 1470 729 1537 tiones
751 1487 927 1538 munerum

621 1591 654 1650 et
677 1583 884 1668 peruendent

622 1695 765 1763 iustitias
789 1695 953 1781 accipien-

621 1810 664 1876 do
688 1826 822 1894 poenas·
849 1815 881 1876 ct
906 1807 980 1874 ideo

619 1921 811 2006 implebitur
834 1920 926 1989 colo-

621 2035 673 2104 nia
699 2043 731 2103 et
755 2035 829 2104 finis
853 2034 981 2104 babita-

621 2146 728 2214 tiones
753 2163 869 2213 eorum
894 2163 967 2214 sce-

568 2315 573 2326 .
621 2259 745 2326 teribus
770 2265 803 2326 et
827 2237 982 2342 iniquita-

621 2371 709 2440 tibus
733 2389 751 2437 a
775 2371 838 2439 deo
863 2379 899 2438 ut
923 2370 978 2456 qui
1005 2371 1048 2436 lu-

622 2484 665 2552 cit
689 2463 786 2551 erunt
810 2483 901 2569 impii
925 2481 973 2550 iu-

621 2596 710 2664 dices
735 2603 832 2662 erunt
855 2595 889 2662 in
913 2612 985 2662 eam

621 2715 698 2795 post
722 2708 804 2776 fines
828 2707 957 2776 babita-

621 2821 720 2890 tionis
745 2820 926 2889 sceleribus

621 2941 654 3002 et
677 2931 905 3018 iniquitatibus

554 3105 560 3118 .
623 3048 799 3117 adomino
823 3047 879 3133 qui
903 3047 1025 3114 iaciunt

622 3169 720 3231 erunt
744 3161 836 3246 impii
869 3159 1013 3228 iudices.

524 3259 531 3274 ’
622 3277 754 3345 inerunt
777 3275 811 3342 in
836 3291 952 3359 campo

623 3388 767 3456 iudicare
791 3385 959 3472 quomodo

623 3499 782 3586 quisquae
806 3499 898 3566 uolet
922 3505 1001 3566 tunc

624 3619 785 3698 exurgent
809 3612 873 3679 illis
897 3627 951 3678 re·

623 3745 681 3813 ges
704 3727 904 3812 imperantes
929 3731 962 3791 et

624 3838 657 3906 in
682 3837 872 3906 sacerdotes
897 3851 985 3901 sum-

623 3951 668 4019 mi
692 3951 745 4020 dci
769 3951 977 4018 uocabantur

624 4067 743 4134 sacient
766 4066 923 4135 iacientes

624 4180 827 4264 impietatem
852 4181 892 4248 ab
917 4187 1031 4248 sancto

625 4291 817 4360 sanctitatis·
835 4298 869 4360 et
885 4291 1032 4360 succedit
1047 4291 1108 4381 illis

625 4419 684 4471 ren
708 4401 860 4488 petulans
884 4401 941 4486 qui

627 4532 694 4582 non
719 4513 782 4582 erit
805 4514 847 4582 de
871 4531 991 4600 genere

626 4627 847 4697 sacerdotum·
872 4627 972 4696 bomo

627 4739 822 4809 temerarius
846 4747 879 4808 et
902 4739 965 4808 im-

529 4845 537 4862 '
626 4853 752 4940 probus
768 4859 801 4920 et
824 4852 981 4922 iudicabit
1056 4867 1063 4878 ·

627 4965 691 5033 illis
715 4965 883 5051 quomodo
907 4965 979 5050 dig-

627 5079 660 5146 ni
685 5085 792 5146 erunt·
818 5078 873 5164 qui
897 5079 1016 5156 elidit,

627 5189 824 5276 principales
846 5209 962 5262 eorum

628 5306 745 5390 gladio·
771 5313 804 5375 et
828 5307 910 5376 locis
934 5308 1027 5393 igno-

629 5421 670 5488 tis
695 5421 815 5507 singuli
840 5430 872 5492 et
897 5439 1017 5506 corpo-

628 5534 821 5630 ranillogum
845 5541 881 5602 ut
906 5551 964 5601 ne-

629 5664 683 5713 mo
708 5647 789 5714 sciat
812 5647 867 5714 ubi
891 5647 957 5716 sint

1230 161 1408 228 ...gg-

1377 343 1430 407 77.
1454 359 1484 407 α.
1510 357 1649 426 corpora
1673 342 1806 411 illorum

1509 453 1632 521 occidit
1655 454 1797 523 maiores

1506 571 1584 631 natu
1609 570 1642 631 et
1664 565 1803 634 iuuenes

1505 681 1539 742 et
1563 693 1629 744 non
1653 685 1775 762 parcet·
1802 685 1901 745 tunc·

1508 788 1608 856 timor
1631 788 1693 856 erit
1717 789 1805 857 illius
1829 807 1864 856 a·

1505 901 1898 970 mmmmmm·

1504 1031 1575 1081 ram
1599 1031 1725 1082 eorum·
1750 1021 1784 1082 et
1807 1013 1882 1082 laci·

1507 1133 1540 1192 et
1564 1123 1597 1192 in
1622 1124 1670 1194 eis
1693 1126 1814 1194 iudicia
1838 1143 1919 1212 quo-

1504 1238 1605 1306 modo
1628 1239 1778 1306 lecerunt
1800 1239 1834 1306 in

1503 1353 1568 1420 illis
1592 1353 1721 1440 aegypti
1746 1371 1806 1440 per
1829 1373 1904 1422 unx

1503 1474 1537 1533 et
1560 1466 1627 1534 iiii·
1653 1485 1758 1536 annos
1782 1477 1815 1536 et
1840 1487 1902 1554 pu-

1502 1579 1598 1648 niunt
1621 1597 1688 1648 eos·
1714 1590 1747 1650 et
1772 1633 1779 1648 .
1806 1583 1948 1652 .rodia-

1503 1693 1547 1761 cit
1570 1700 1666 1762 natos
1691 1745 1698 1758 .
1725 1747 1731 1759 .
1759 1746 1766 1760 .
1802 1693 1934 1762 ereden-

1504 1814 1553 1876 tes
1576 1807 1638 1875 sibi
1661 1809 1816 1877 breuiora
1842 1817 1921 1876 tem-

1503 1938 1584 2006 pora
1608 1921 1771 1990 donarent
1796 1920 1829 1988 in

1504 2051 1602 2118 pares
1626 2051 1743 2100 eorum
1767 2049 1855 2101 mor-

1504 2145 1545 2212 tis
1571 2145 1705 2213 uenient
1729 2151 1762 2212 et
1786 2145 1874 2214 occi-

1502 2259 1620 2328 dentes
1645 2277 1701 2326 rex
1727 2267 1848 2344 potens

1503 2372 1578 2458 quia
1603 2372 1803 2458 expugnabit
1828 2391 1886 2442 eos

1504 2492 1537 2552 et
1560 2485 1682 2552 ducent
1706 2484 1855 2569 captiuos

1504 2605 1537 2666 et
1561 2605 1689 2682 partem
1712 2597 1803 2664 aedis
1827 2597 1919 2683 ipso-

1409 2743 1415 2754 ·
1504 2727 1579 2777 rnm
1602 2709 1667 2794 igni
1693 2710 1839 2778 incendit

1504 2823 1632 2910 aliquos
1656 2823 1817 2908 crucifigit

1505 2936 1590 3004 circa
1610 2936 1775 3004 coloniam
1799 2955 1916 3005 eorum

1437 3104 1442 3115 .
1509 3069 1549 3118 ex
1574 3067 1640 3135 quo
1665 3050 1750 3117 lacto
1775 3049 1893 3118 finien-

1506 3169 1560 3230 tur
1583 3171 1731 3250 tempora
1756 3179 1907 3231 momen-

1506 3285 1541 3344 to
1568 3329 1574 3342 .
1604 3329 1610 3342 .
1637 3325 1644 3342 .
1671 3329 1677 3342 .
1703 3282 1778 3342 etur
1802 3293 1920 3343 cursus

1505 3408 1558 3454 u.
1584 3441 1591 3455 .
1619 3442 1625 3456 .
1652 3441 1658 3456 .
1684 3387 1785 3456 borae
1810 3387 1876 3454 liii·
1901 3409 1953 3453 ue-

1504 3501 1595 3568 niant
1617 3508 1780 3586 coguntur
1804 3517 1919 3570 secure

1508 3668 1515 3680 .
1541 3667 1683 3682 .....
1709 3633 2059 3700 ac....pos...

1508 3779 1515 3794 .
1542 3781 1548 3794 .
1576 3779 1583 3792 .
1609 3781 1616 3794 .
1642 3726 1743 3794 initiis
1767 3727 1872 3794 tribus
1897 3729 1937 3794 ad

1509 3839 1616 3908 exitus
1641 3840 1718 3906 ‘viiii
1741 3849 1881 3926 propter

1507 3952 1637 4020 initium
1661 3959 1729 4022 tres
1753 3971 1830 4038 sep-

1509 4063 1606 4132 timae
1631 4064 1775 4132 secunda
1801 4066 1860 4132 tria

1507 4177 1541 4242 in
1566 4176 1661 4244 tertia
1685 4177 1770 4245 duae
1793 4179 1814 4243 tr
1839 4231 1846 4246 .
1874 4233 1879 4244 .
1906 4198 1941 4245 ra
1967 4232 1973 4245 .
2000 4231 2006 4245 .

1507 4299 1558 4356 tae
1582 4296 1614 4356 et
1638 4297 1817 4375 regnarunt

1508 4401 1549 4468 de
1573 4401 1624 4468 bis
1648 4401 1800 4471 homines
1824 4422 1900 4490 pes-

1510 4517 1666 4584 tilentiosi
1692 4521 1726 4585 et
1749 4517 1840 4602 impii

1396 4689 1405 4708 ,
1508 4630 1666 4698 docentes
1690 4648 1726 4698 se
1751 4647 1824 4698 esse

1508 4743 1623 4810 iustos·
1649 4743 1738 4810 ethi
1762 4743 1867 4810 susci-

1508 4856 1623 4922 tabunt
1646 4855 1727 4921 iram
1750 4853 1878 4922 animo-

1508 4987 1582 5036 rum
1605 4985 1742 5036 suorum
1767 4967 1822 5053 qui

1509 5089 1606 5149 erunt
1630 5081 1780 5150 homines
1805 5083 1862 5151 do-

1510 5194 1571 5262 losi
1596 5195 1657 5264 sibi
1682 5195 1849 5280 placentes

1508 5309 1574 5376 ficti
1600 5310 1632 5376 in
1658 5311 1811 5380 omnibus
1827 5311 1895 5380 suis

1508 5431 1541 5490 et
1564 5423 1653 5490 omni
1678 5424 1758 5491 bora
1782 5422 1846 5491 diei

1507 5545 1655 5604 amantes
1679 5536 1832 5606 conuiuia

1505 5647 1720 5720 deuoratores
1744 5649 1838 5734 gulae
