4690 6406
134 411 180 474 tt.
197 424 223 472 n.
259 403 498 508 ¹conputatum
522 399 574 464 est
597 391 636 460 n-

285 513 325 580 tis
349 511 382 578 in
409 509 550 578 ueritate
575 512 609 572 et
634 523 714 574 con-

284 624 448 710 scriptum
472 627 525 689 est
549 618 616 686 illis

284 737 318 804 in
342 735 469 804 iustitia
493 741 528 802 et
550 731 700 816 adscrip-

285 861 356 918 tum
380 855 433 916 est
457 865 574 916 semen
598 844 687 914 leuui

285 959 512 1032 sacerdotium
536 965 571 1026 et
594 959 664 1025 leu-

285 1063 371 1142 uitas
396 1079 434 1140 ut
459 1071 654 1140 deseruiant

291 1189 324 1254 in
350 1191 536 1270 conspectu
560 1181 686 1253 domini
711 1181 757 1247 si-

284 1299 352 1368 cuti
377 1305 411 1366 et
435 1314 499 1364 nos
524 1295 681 1363 omnibus

283 1412 402 1480 diebus
428 1416 462 1478 et
485 1407 696 1476 benedicitur

283 1523 374 1592 teuui
399 1529 434 1590 et
456 1521 517 1588 titii
542 1519 615 1590 eius
642 1518 673 1586 iu

283 1633 415 1702 saecula
437 1633 596 1718 quoniam
622 1649 676 1698 ae-

283 1747 430 1816 mulatus
454 1751 507 1812 est
531 1743 655 1812 uerita-
686 1778 688 1787 ·

285 1867 353 1926 tem
376 1865 415 1926 ut
439 1857 565 1925 iaceret
589 1855 642 1924 iu·

258 1973 263 1980 ’
285 1971 410 2038 dicium
434 1976 469 2037 et
493 1966 664 2038 detonsio

286 2089 362 2152 dem
387 2083 429 2152 ab
455 2083 612 2150 omnibus
637 2081 694 2166 qui

286 2197 387 2283 positi
410 2202 490 2264 sunt
515 2211 620 2280 super

286 2309 425 2378 istrahel
448 2315 482 2377 et
506 2309 555 2375 sic
580 2323 635 2374 re-

287 2423 394 2490 tertur
415 2421 464 2488 ilii
489 2420 523 2488 in
550 2417 645 2487 testi-

287 2529 439 2597 mouium
462 2528 497 2595 in
523 2525 646 2596 tabulis

289 2643 371 2712 caeti
394 2641 585 2712 benedictio
610 2648 644 2708 et

292 2757 416 2825 iustitia
441 2755 475 2822 in
501 2769 661 2839 conspec-

292 2879 328 2938 tu
352 2870 406 2938 dei
430 2867 582 2936 omnium
605 2872 640 2932 et
663 2881 735 2931 me-

290 2977 625 3052 morabitur.iustttia
771 2958 774 2964 ’

202 3153 207 3164 .
292 3113 392 3183 quam
417 3095 515 3164 iamet
539 3092 642 3159 bomo

292 3209 326 3276 in
348 3209 417 3276 uita
442 3221 502 3276 sua
527 3206 562 3274 iu
586 3203 742 3272 omnibus

292 3320 501 3406 temporibus
525 3317 604 3384 anni
627 3335 734 3402 usque

292 3435 336 3504 ad
359 3433 450 3502 mitte
474 3447 581 3500 anuos
605 3430 684 3496 otie-

196 3550 198 3554 ’
291 3555 387 3615 retur
410 3553 444 3614 et
467 3545 581 3613 ueniet
604 3543 652 3609 itti

292 3665 329 3728 et
351 3657 469 3727 semini
493 3657 567 3725 eius
591 3663 668 3742 post

293 3789 372 3840 eum
392 3777 425 3839 et
449 3769 597 3855 scriptus
620 3775 672 3836 cst

293 3883 420 3952 amicus
443 3883 553 3951 imtus
578 3881 611 3948 in
636 3887 683 3948 ta·

292 3995 382 4062 bulis
406 3993 488 4062 caeli

271 4106 398 4174 Scribsi
423 4105 482 4174 tibi
506 4123 624 4174 omnes

295 4234 470 4286 sermones
493 4216 577 4285 istos
601 4223 636 4284 at

294 4330 452 4399 mandabi
475 4337 513 4398 ut
536 4329 661 4398 adnuu-

296 4444 360 4511 ties
384 4443 461 4512 titiis
481 4443 617 4512 istmbel

297 4563 334 4625 ut
358 4571 426 4622 non
449 4555 569 4624 iaciant
591 4573 657 4624 ma-

299 4666 426 4752 lignum
449 4673 574 4736 etuon
596 4685 694 4752 prae·

228 4849 232 4858 ,
300 4759 429 4847 teneant
452 4789 627 4866 praecepta

300 4897 335 4958 et
359 4907 427 4958 non
451 4891 658 4978 dissipabunt

300 5009 539 5076 testamentum
558 5005 627 5076 dis-

300 5117 449 5202 positum
471 5137 574 5206 super
594 5119 685 5206 ipsos

302 5237 337 5298 et
359 5231 480 5300 iaciant
503 5249 551 5300 ea·
576 5235 617 5300 Et
640 5233 696 5301 ud·

301 5341 492 5412 scribentur
513 5345 609 5412 amici
631 5346 684 5415 dei

302 5455 333 5522 si
356 5461 467 5524 autem
490 5463 671 5544 transgres-

301 5567 332 5634 si
353 5565 477 5637 tuerint
499 5577 675 5638 testamen-

304 5687 376 5752 tum
400 5691 434 5754 at
453 5684 593 5756 iecerint

842 212 1078 274 ...tt-

1013 389 1067 454 as.
1093 409 1122 456 n.
1171 407 1212 458 en
1237 387 1390 458 omnibus
1414 385 1478 454 uiis
1503 385 1583 454 abo-

1175 485 1389 570 minationem
1414 517 1515 586 quae

1174 633 1315 702 eumque
1339 613 1460 699 scripta
1485 618 1565 679 sunt

1175 729 1208 794 iu
1234 727 1353 795 tabulis
1378 725 1460 794 caeli
1484 720 1545 792 ini·

1175 840 1250 908 mici
1275 837 1328 908 dei
1353 845 1450 926 erunt
1474 845 1508 906 et
1531 838 1588 906 de·

1178 955 1334 1023 tebuntur
1357 955 1398 1022 de
1423 953 1507 1021 libro

1175 1069 1264 1136 uitae
1288 1074 1321 1135 et
1345 1067 1533 1134 scribentur

1177 1181 1210 1246 in
1234 1179 1319 1247 libro
1343 1177 1566 1264 perditionum

1178 1287 1265 1360 inter
1288 1309 1346 1360 eos
1372 1291 1427 1376 qui
1452 1289 1557 1358 eradi-

1175 1411 1291 1472 cantur
1315 1423 1333 1472 a
1358 1410 1467 1470 terra·-

1152 1521 1196 1596 bt
1221 1516 1254 1584 in
1278 1517 1331 1585 die
1356 1533 1418 1602 qua
1443 1531 1579 1600 percus-

1178 1638 1293 1700 serunt
1317 1631 1374 1699 tilii
1399 1629 1493 1696 iacob
1517 1645 1572 1713 sy-

1178 1745 1297 1812 cimam
1320 1741 1468 1811 escendit
1492 1741 1557 1808 iilis

1179 1856 1341 1944 scriptura
1365 1857 1398 1922 in
1423 1852 1523 1923 caetis

1178 1969 1335 2038 iacientes
1358 1967 1534 2035 ueritatem

1179 2092 1212 2150 et
1235 2081 1393 2150 iudicium
1417 2085 1450 2148 et
1473 2079 1545 2146 uin·

1179 2195 1299 2262 dictam
1324 2194 1356 2260 in
1381 2179 1462 2278 ip'sis
1484 2199 1519 2260 et

1180 2305 1293 2392 scripti
1318 2311 1396 2372 sunt
1420 2304 1453 2372 in
1477 2300 1537 2372 be-

1179 2419 1366 2488 nedictione
1391 2425 1424 2486 et
1448 2417 1518 2486 eie-

1179 2538 1296 2600 cerunt
1319 2531 1428 2599 dinam
1452 2547 1546 2597 soro·

1180 2635 1250 2713 rem
1275 2663 1368 2712 suam
1392 2643 1433 2712 de
1457 2643 1558 2710 domu

1180 2775 1289 2844 sycem
1313 2765 1346 2826 et
1370 2757 1524 2846 captiua-

1180 2879 1301 2940 uerunt
1324 2871 1479 2939 uniuersa

1180 3003 1265 3072 quae
1288 2989 1383 3052 erant
1406 2983 1439 3050 in
1463 2979 1545 3066 syci

1087 3153 1093 3164 .
1177 3099 1242 3166 mis
1268 3115 1350 3166 oues
1374 3103 1408 3164 et
1431 3098 1537 3166 boues

1180 3210 1329 3296 ipsomm
1352 3215 1385 3276 et
1408 3207 1520 3276 asinos

1179 3329 1213 3390 et
1236 3337 1370 3388 omnem
1394 3320 1546 3387 substan·
1572 3403 1581 3412 .

1180 3433 1258 3501 tiam
1282 3449 1398 3500 eorum
1422 3439 1456 3499 et
1478 3443 1551 3496 om·

1180 3563 1257 3614 nem
1279 3553 1402 3614 terram
1425 3559 1543 3612 eorum

1064 3701 1071 3716 ·
1178 3667 1212 3726 et
1235 3657 1426 3742 adtulerunt
1447 3655 1520 3722 uni-

1178 3783 1276 3839 uersa
1299 3770 1340 3838 ad
1363 3769 1457 3838 iacob
1481 3773 1608 3854 petrem

1178 3897 1276 3948 suum
1300 3885 1334 3948 et
1357 3879 1489 3948 locutus
1512 3883 1565 3946 ost

1179 3993 1219 4060 ad
1243 3993 1318 4060 ilios
1342 4009 1444 4076 quare
1468 3997 1576 4058 exter·

1178 4105 1390 4174 minuuemnt
1414 4101 1527 4170 ciuita-

1181 4227 1249 4288 tem
1272 4219 1381 4288 timuit
1404 4215 1492 4284 enim
1515 4215 1557 4282 ab

1180 4335 1232 4402 ms
1256 4331 1312 4419 qut
1335 4310 1520 4398 inhabitant

1182 4455 1304 4516 terram
1327 4463 1345 4512 a
1369 4441 1522 4511 canaucis

1183 4565 1217 4626 et
1239 4555 1378 4626 ierezeis
1401 4561 1435 4624 et
1458 4555 1522 4622 iuc-

1182 4677 1237 4738 tus
1260 4675 1312 4738 est
1335 4669 1435 4736 timor
1456 4665 1580 4734 domini

1181 4801 1282 4870 super
1305 4797 1421 4850 omnes
1445 4779 1561 4848 ciuita-

1181 4903 1232 4966 tes
1255 4911 1338 4982 quae
1362 4897 1456 4962 erant
1478 4891 1512 4958 iu

1178 5007 1317 5079 circuitu
1339 5007 1537 5094 sycimorum
1622 5003 1634 5026 '

1096 5193 1101 5202 .
1180 5133 1214 5194 ct
1238 5141 1305 5192 non
1330 5121 1495 5210 persecuti

1178 5243 1256 5306 sunt
1279 5243 1356 5323 post
1378 5235 1471 5304 iacob
1494 5243 1532 5302 nt

1180 5355 1340 5420 nocerent
1362 5365 1439 5417 eum
1463 5365 1543 5434 quo-

1180 5463 1268 5531 niam
1291 5461 1391 5530 tim'or
1414 5459 1531 5530 cecidit

1181 5593 1281 5660 super
1304 5574 1396 5661 ipsos

950 5713 953 5720 ·
1022 5693 1125 5762 xxxi
1159 5691 1200 5757 itt
1223 5687 1256 5754 in
1280 5687 1386 5774 prima
1416 5681 1470 5757 die
1492 5693 1614 5758 mensis
