4710 6432
951 203 1138 294 ss-so-
1217 177 1220 184 ¹

173 367 476 458 Quemadmodum
503 365 597 440 eninr
628 365 745 440 vidisti
763 366 894 442 nnbem
921 387 997 444 ma·

116 501 120 514 ·
175 514 291 589 gnam
311 511 401 586 quae
428 491 585 566 ascendit
602 485 647 566 de
674 495 772 578 marl,
792 501 828 568 et
854 495 937 570 abiit
960 503 996 572 et

174 623 356 715 cooperuit
373 617 512 707 terram,
531 621 598 696 boc
617 627 671 696 est
687 623 868 714 longitudo
886 626 996 700 secnli

175 769 281 842 qnam
299 749 519 834 recitabatis,
536 769 616 838 epm
635 752 796 843 cogitant
813 753 926 827 lacere
943 771 997 827 se·

177 879 308 952 culum.
322 879 365 950 Et
381 878 456 961 init,
472 895 553 952 cnm
571 879 701 952 exisset
718 877 864 952 verbnm
883 897 999 953 acon·

176 1009 301 1095 spectu
327 1005 415 1095 ejus,
435 1009 575 1078 steterat
601 1003 780 1096 longitudo
808 1007 996 1080 saculiali·

177 1132 264 1225 rpnid
290 1133 398 1224 parri,
419 1137 454 1206 et
471 1133 656 1206 constituta
675 1131 864 1244 estfljunta
882 1134 998 1206 multi·

177 1259 336 1334 tudinem
350 1259 595 1352 intelligentiae
609 1259 684 1350 ejus
704 1261 765 1351 qui
778 1261 876 1354 misit
891 1255 1013 1388 illam,

177 1387 222 1460 lit
251 1387 547 1479 quemadmodum
573 1388 815 1480 vidistiprius
842 1391 880 1462 in
903 1389 999 1481 prin-

178 1513 271 1605 cipio
299 1513 405 1588 nubis
432 1533 541 1606 aquas
560 1513 687 1604 nigras
706 1533 795 1606 quae
813 1515 911 1606 prius
939 1515 999 1590 de·

177 1639 393 1714 scenderunt
410 1659 518 1732 snper
536 1647 674 1724 terram,
694 1641 770 1732 ipsa
788 1647 842 1716 est
859 1661 1000 1734 praera-

179 1767 301 1840 ricatio
319 1739 388 1857 qna
414 1767 669 1857 praevaricatos
689 1773 743 1840 est
760 1765 870 1840 anam
893 1766 1000 1842 bomo

180 1892 327 1982 primus.
343 1893 430 1980 Quia
448 1891 541 1996 enim
556 1910 637 1968 oum
657 1897 896 1984 transgressus
914 1893 1000 1966 luis·

180 2027 259 2104 set,
288 2036 408 2102 mors,
438 2035 528 2110 (ωηο
553 2035 628 2092 ηοη
661 2023 734 2092 erat
772 2019 809 2091 in
845 2025 1002 2110 tempere

181 2147 407 2238 ejuszleit,
436 2153 472 2220 et
502 2147 616 2222 luctus
644 2147 842 2221 nominatus
869 2154 939 2232 est,
968 2152 1003 2222 et

183 2274 341 2366 angustia
367 2277 484 2363 parata
511 2277 576 2354 est,
598 2277 633 2346 et
656 2271 910 2347 dolor'ereatus
936 2279 1001 2356 ast,

183 2406 219 2476 ot
245 2399 344 2474 labor
361 2400 535 2491 perlectus
554 2405 619 2482 est,
641 2405 676 2472 et
698 2398 862 2488 jactantia
889 2402 1004 2493 coepit

184 2527 351 2640 subdiu,
364 2533 399 2600 et
424 2527 581 2600 inlernus
599 2528 776 2619 postulare
795 2534 833 2600 nt
858 2529 1004 2603 innova-

184 2661 281 2754 retur
306 2653 344 2728 in
371 2655 557 2752 sanguine,
587 2659 622 2728 et
647 2655 825 2746 susceptio
852 2655 1004 2744 illiorum

184 2781 264 2863 luit,
284 2787 320 2854 et
337 2781 453 2856 terror
470 2785 651 2872 parentum
670 2781 780 2854 iactus
798 2786 863 2865 est,
884 2787 919 2854 et
936 2799 1005 2854 ma·

189 2907 336 3000 gnitudo
362 2907 585 2982 humanitatis
603 2907 780 2982 humiliata
799 2913 862 2991 est,
883 2913 917 2982 et
941 2909 1004 2984 be·

186 3035 337 3126 nignitss
365 3034 528 3126 elanguit.
558 3033 649 3121 Quid
675 3051 759 3125 ergo
786 3035 920 3126 nigrius
947 3042 1007 3110 ant

46 3177 53 3192 ·
153 3162 408 3242 ,tenebrosius
435 3161 512 3236 istis
542 3167 678 3252 poterat
705 3164 816 3236 esse‘l
852 3162 925 3238 lloc
952 3167 1007 3236 est

187 3291 324 3366 initium
352 3307 519 3381 aquarum
547 3291 723 3381 nigrarum
751 3309 839 3382 quas
873 3291 1003 3366 vidisti.

186 3419 228 3492 Et
254 3437 298 3492 er
324 3413 401 3492 istis
428 3417 538 3508 nigris
565 3417 691 3490 iterum
727 3418 846 3508 nigrae
882 3418 1024 3508 gigne·

186 3547 336 3630 bantur,
366 3551 401 3618 et
436 3544 601 3618 tenebrae
638 3545 860 3618 tenebrarum
896 3545 1005 3618 iactae

186 3679 280 3746 sunt.
299 3673 378 3763 lpse
396 3672 490 3746 enim
509 3672 644 3778 animae
662 3689 747 3746 snae
775 3672 839 3744 luit
866 3673 1004 3763 pericu·

185 3799 273 3882 lum;
302 3797 406 3872 etiam
425 3798 557 3890 angelis
576 3777 640 3872 init
656 3799 863 3889 pericnlum.
883 3798 1005 3875 Adbuc

187 3905 330 3998 enimin
345 3923 404 3998 illo
419 3930 585 4016 tempore,
601 3943 672 4015 (ωο
687 3933 821 4000 creatus
839 3927 913 4009 luit,
934 3933 1007 4002 erat

166 4052 238 4156 ⁴eis
265 4051 432 4136 libertas;
461 4057 496 4126 et
522 4051 781 4150 descenderunt
808 4069 852 4126 ex
879 4053 947 4162 eis,
971 4057 1006 4128 et

186 4181 358 4254 commisti
377 4185 459 4254 sunt
473 4197 553 4254 cum
568 4179 783 4255 mulieribus.
800 4181 842 4254 lit
860 4187 942 4255 ωηο
956 4181 1005 4254 illi

188 4311 248 4400 qul
274 4309 326 4382 sic
344 4309 474 4400 operati
501 4315 595 4392 sunl,
623 4309 660 4381 in
688 4309 836 4382 vinculis
863 4309 1005 4382 cruciati

185 4441 280 4508 sunl.
300 4435 445 4526 Reliqua
458 4441 571 4508 antem
591 4435 775 4508 multitudo
789 4435 1002 4526 angelornm,

185 4561 315 4654 quibam
343 4567 416 4636 erat
442 4581 609 4636 numerus
628 4563 652 4645 “,
682 4579 720 4636 se
748 4563 1003 4637 continuerunt.

148 4741 151 4750 η
185 4691 229 4764 bt
255 4690 304 4764 illi
331 4689 393 4781 qui
419 4689 619 4764 babitabant
645 4689 683 4762 in
710 4695 800 4762 terra
827 4689 1006 4780 perierunt

187 4815 291 4890 simul
318 4833 381 4907 per
398 4833 514 4906 aquas,
533 4816 666 4891 diluvii.
686 4817 775 4890 lstae
793 4822 877 4890 sunt
895 4833 1006 4908 aquae

187 4943 467 5034 primaenigrae.
824 5001 829 5014 .

241 5071 304 5144 57.
332 5070 375 5142 lit
400 5076 480 5161 post
506 5067 569 5144 bas
588 5069 704 5174 vidisti
726 5089 834 5164 aquas
857 5072 1004 5158 lucidam

186 5197 243 5272 bie
261 5203 315 5272 est
341 5203 440 5272 orius
457 5197 641 5281 Abrabam,
662 5199 903 5290 generationes
917 5216 1005 5290 (ωο-

185 5342 257 5416 qne
274 5325 351 5416 ejus
374 5329 409 5438 et
426 5325 596 5400 adrentus
613 5325 676 5398 lilii
695 5323 783 5415 ejus,
803 5330 838 5398 et
863 5323 925 5398 lilii
944 5324 1006 5400 lilii

186 5451 275 5542 ejus,
295 5457 330 5526 et
347 5467 469 5526 eorum
489 5453 549 5544 qul
576 5451 710 5526 similes
730 5456 812 5525 sunt
830 5451 894 5526 eis.
916 5452 1006 5539 Quia

185 5578 224 5652 in
249 5577 309 5652 illo
329 5583 486 5670 tempore
505 5597 576 5654 non
595 5579 721 5670 scripta
748 5579 804 5654 lex
832 5579 926 5671 apud
943 5597 1005 5654 eos

186 5705 499 5794 nominabatur,·et
516 5723 623 5802 opera
639 5711 904 5800 praeceptorum
924 5711 1006 5782 tune

1081 369 1355 462 complebantur,
1385 371 1527 448 allides
1550 367 1677 466 judicii
1693 375 1799 450 loturi
1824 382 1908 450 ωηο

1082 499 1298 592 gignebatur,
1319 506 1354 574 et
1379 517 1462 592 spes
1489 501 1611 574 mundi
1630 502 1690 592 qui
1717 503 1904 578 innovabi-

1084 633 1155 709 tur,
1173 633 1257 700 ωηο
1276 626 1531 710 aedificabatur,
1553 634 1588 701 et
1606 629 1793 735 promissio
1816 629 1907 703 vitae
2009 621 2013 630 '

1086 729 1176 843 qnae
1194 759 1315 844 postea
1332 754 1459 837 reniet,
1480 754 1710 846 plantabatur.
1730 757 1803 829 llae
1825 763 1908 830 snut

1087 898 1197 974 aquae
1223 879 1360 954 lucidae
1387 899 1475 973 quas
1503 880 1632 954 vidisti.

1141 1008 1205 1093 58,
1233 1007 1275 1080 Et
1302 1025 1413 1100 aquae
1439 1008 1560 1080 tertiae
1587 1007 1706 1098 nigrae
1741 1025 1828 1099 quas
1855 1008 1908 1080 ri·

1088 1132 1182 1216 disti,
1210 1134 1296 1208 baec
1314 1141 1369 1208 ast
1391 1133 1571 1226 permistio
1600 1135 1756 1228 omnium
1784 1153 1907 1226 pecca·

1087 1265 1228 1344 torum,
1258 1279 1347 1353 (ωηο
1378 1267 1500 1352 postea
1531 1265 1754 1352 patraverunt
1785 1267 1907 1351 gentes

1088 1393 1169 1478 post
1186 1395 1334 1472 mortem
1362 1389 1500 1460 illorum
1516 1386 1706 1478 justorum,
1726 1391 1761 1458 et
1777 1387 1908 1476 impro-

1087 1512 1178 1588 bitas
1205 1520 1318 1586 terrae
1343 1512 1516 1618 aegypti,
1547 1531 1615 1604 qua
1642 1510 1801 1604 improbe
1827 1531 1909 1604 age·

1088 1639 1173 1715 ba'nt
1198 1642 1235 1713 in
1262 1639 1493 1730 subjectione,
1515 1657 1583 1730 (ωο
1610 1631 1843 1728 subjiciebant
1867 1639 1908 1711 il·

1088 1767 1155 1842 lios
1182 1768 1333 1840 illorum.
1359 1767 1594 1842 Veruntamen
1622 1766 1725 1840 etiam
1753 1765 1821 1856 ipsi
1847 1783 1909 1856 pe·

1090 1895 1223 1969 rlerunl
1240 1893 1395 1992 domum.

1144 2022 1208 2094 59.
1236 2023 1278 2094 lit
1296 2038 1406 2112 aquae
1426 2027 1569 2112 quartae
1595 2019 1731 2092 lucidae
1752 2037 1840 2110 quas
1859 2019 1910 2092 ri·

1091 2149 1185 2233 disti,
1213 2149 1271 2224 bic
1298 2155 1352 2223 est
1378 2149 1547 2224 adrentus
1573 2149 1697 2239 Moysi,
1726 2155 1762 2224 et
1780 2147 1907 2230 Aaron,

1092 2283 1127 2352 et
1151 2275 1288 2362 llariae,
1309 2283 1343 2352 et
1369 2277 1452 2351 lesu
1479 2277 1541 2350 lilii
1568 2277 1657 2360 Nun,
1680 2283 1715 2350 ot
1743 2275 1846 2350 caleb
1875 2280 1910 2349 et

1091 2407 1248 2479 omnium
1276 2405 1415 2478 illorum
1443 2405 1504 2494 qui
1531 2405 1665 2478 similes
1690 2404 1753 2476 eis.
1781 2405 1821 2476 ln
1848 2403 1908 2476 illo

1092 2533 1186 2607 euim
1211 2538 1370 2622 tempore
1395 2514 1539 2604 lucerna
1565 2521 1655 2622 legis
1679 2537 1839 2604 aeternae
1866 2530 1908 2602 il·
1982 2545 1987 2566 ¹

1091 2659 1180 2752 luxit
1201 2657 1378 2732 omnibus·
1394 2657 1454 2748 qni
1481 2656 1652 2733 sedebant
1673 2658 1715 2730 in
1741 2655 1908 2738 tenebris,

1094 2803 1183 2876 quae
1201 2783 1425 2858 credentibus
1453 2784 1680 2858 annunciaret
1705 2783 1909 2874 promissio-

1093 2927 1175 2984 nem
1202 2909 1373 2984 mercodis
1401 2927 1536 2992 eorum,
1562 2915 1597 2982 el
1622 2911 1822 2984 incredulis
1839 2917 1911 2982 tor·

1093 3043 1249 3112 mentum
1268 3038 1359 3129 ignis
1378 3041 1591 3112 reservatum
1605 3037 1669 3110 eis.
1685 3037 1756 3110 Sed
1774 3042 1809 3112 et
1823 3037 1910 3110 caeli

1092 3165 1130 3240 in
1149 3165 1207 3238 illo
1225 3170 1381 3254 tempore
1399 3169 1608 3254 receperunt
1634 3181 1673 3236 se
1693 3182 1711 3234 a
1735 3165 1813 3236 loeo
1832 3181 1910 3244 sno,

1091 3297 1127 3366 et
1153 3292 1214 3383 qui
1241 3299 1339 3366 erant
1365 3291 1584 3364 sub-throno
1612 3291 1724 3364 Fortis
1744 3293 1910 3364 commoti

1091 3427 1185 3504 sunt,
1206 3421 1345 3512 quando
1364 3425 1541 3510 receperat
1566 3419 1711 3509 lloysen
1739 3417 1832 3509 apud
1858 3435 1909 3492 se.

1091 3539 1259 3623 indicarit
1271 3550 1365 3622 enim
1379 3549 1412 3622 ei
1426 3547 1672 3621 illustrationes
1691 3547 1816 3620 multas
1831 3564 1912 3619 oum

1092 3677 1260 3750 institutis
1288 3675 1404 3766 legum
1433 3680 1467 3748 et
1499 3674 1570 3746 line
1601 3673 1793 3764 temporis,
1823 3673 1914 3746 sicut

1092 3802 1194 3875 etiarn
1212 3801 1287 3883 tibi,
1307 3799 1389 3874 item
1408 3805 1522 3874 antem
1541 3799 1802 3874 similitudinem
1826 3799 1912 3872 Sion

1093 3935 1128 4002 el
1153 3917 1337 4002 mensuras
1364 3925 1453 4016 ejus,
1484 3943 1573 4016 quae
1600 3923 1758 3998 iacienda
1776 3930 1849 3998 erat
1875 3927 1913 3998 in

1092 4054 1354 4166 similitudinem
1382 4053 1568 4128 sanctuarii
1594 4053 1698 4144 bnjns
1732 4053 1911 4143 temporis.

1092 4181 1280 4256 sedetiam
1299 4187 1382 4254 tuno
1396 4179 1549 4254 ostendit
1562 4181 1595 4254 ei
1608 4197 1791 4254 mensuras
1805 4179 1910 4270 ignis,

1056 4397 1059 4406 ι
1091 4307 1343 4400 prolanditates
1370 4325 1512 4399 quoqne
1540 4306 1683 4399 abyssi,
1714 4313 1748 4382 et
1772 4307 1913 4398 pondus

1091 4443 1286 4520 ventorum,
1307 4441 1342 4510 et
1360 4451 1545 4508 nnmerum
1563 4439 1737 4525 guttarum
1761 4433 1911 4524 pluviae,

1091 4567 1127 4638 et
1147 4561 1464 4654 apprehensionem
1492 4561 1632 4643 immet
1657 4561 1913 4634 multitudinem

1091 4689 1372 4782 longanimitatis,
1393 4695 1428 4760 et
1445 4687 1641 4760 firmitatem
1655 4685 1790 4776 iudicii,
1811 4693 1846 4759 et
1864 4703 1916 4758 ra·

1092 4815 1205 4890 dicem
1224 4816 1425 4906 sapientiae,
1445 4821 1480 4890 et
1494 4809 1638 4888 'divitias
1656 4813 1913 4904 intelligentiae,

1093 4947 1128 5018 et
1154 4943 1284 5016 iontem
1311 4941 1487 5025 scientiae,
1508 4947 1543 5014 et
1569 4939 1786 5014 altitudinem
1810 4941 1912 5024 aeris,

1094 5053 1420 5162 et'magnitndlnem
1448 5067 1610 5158 paradisi,
1632 5073 1667 5140 et
1683 5065 1788 5140 linem
1813 5083 1914 5140 seco·

1091 5199 1217 5281 lomm,
1234 5202 1268 5271 et
1285 5195 1422 5270 initium
1441 5195 1511 5270 diei
1526 5178 1660 5286 judicii,
1677 5199 1712 5268 ot
1728 5211 1914 5268 nnmerum

1093 5323 1320 5407 oblationum,
1341 5329 1376 5396 et
1394 5327 1505 5396 terras
1524 5339 1614 5413 qnae
1633 5321 1792 5398 nondum
1809 5339 1915 5396 rene·

1092 5456 1183 5536 runt,
1213 5457 1249 5526 et
1279 5467 1319 5524 os
1347 5447 1538 5542 gehennae,
1567 5454 1602 5524 et
1627 5455 1754 5524 statum
1781 5449 1916 5524 vindic·

1092 5587 1158 5664 tae,
1179 5586 1215 5654 et
1241 5577 1588 5672 repraesumere
1614 5581 1731 5656 locum
1760 5579 1853 5672 spei,
1883 5585 1918 5652 et

1016 5809 1019 5818 .
1087 5707 1352 5785 similitudinem
1371 5707 1536 5786 tormenti
1562 5707 1679 5794 lnlnri,
1700 5715 1736 5784 et
1762 5707 1914 5784 multitu·
