4594 6452
878 273 1092 368 -rna-÷

117 422 228 498 lectae
263 427 369 505 sunt,
399 425 558 514 proteget
582 420 753 513 poputum
781 419 843 514 qul
862 439 939 498 ‘en-

82 551 269 644 -pcrtuit:
306 541 338 588 55
364 557 400 626 et
432 556 516 626 tuno
543 549 707 628 ostendet
742 549 795 624 eis
829 551 940 626 mutto

117 677 219 770 plura
245 683 416 771 portenta.

171 795 202 844 55
219 805 262 879 Et
279 823 345 897 ego
371 805 498 880 iterum
525 804 599 880 diri
617 805 667 888 ci,
696 804 725 878 0
744 795 957 882 nominator*

117 933 276 1016 Domino.
305 933 374 1007 boc
391 932 477 1006 nihi
495 933 654 1018 ostendo,
683 941 826 1026 proptor
844 935 941 1028 quon

118 1057 191 1132 nidi
208 1059 321 1132 virum
341 1060 589 1136 ascendentem
608 1059 653 1135 dc
672 1061 779 1136 corde
798 1063 916 1135 maris.

170 1185 216 1258 Et
239 1187 446 1287 rospondit,
475 1197 511 1264 et
546 1188 634 1262 dixit
660 1190 768 1264 mihi:
796 1179 826 1226 55
845 1191 942 1266 Sicut

117 1331 193 1388 non
211 1322 327 1406 potest
344 1319 504 1402 scrutari,
524 1323 560 1393 et
584 1318 755 1402 inveniro,
775 1319 831 1394 rol
849 1319 941 1394 sciro

119 1445 200 1536 quis
227 1463 317 1536 quae
343 1445 381 1518 iu
408 1429 591 1537 profundis
627 1448 763 1520 maris:
790 1447 842 1520 sic
868 1463 941 1520 non

117 1573 246 1666 poterit
263 1575 343 1666 quis
371 1593 416 1648 ex
434 1575 503 1652 iilis
522 1575 583 1668 qui
609 1593 717 1668 super
735 1581 870 1648 terram
888 1575 939 1647 vi·

118 1699 203 1775 dore
229 1701 340 1776 fllium
368 1719 497 1786 mcum,
517 1703 573 1776 vei
600 1721 663 1776 eos
681 1703 742 1794 qui
770 1721 850 1776 cum
878 1719 938 1785 co,

117 1828 189 1902 nisi
215 1827 261 1916 in
279 1846 323 1903 eo
350 1835 507 1921 tempore
534 1830 571 1902 in
599 1828 658 1902 dio
685 1829 774 1919 ejus.
803 1819 833 1864 55
849 1829 941 1902 Haec

118 1961 173 2028 est
207 1955 444 2047 interpretatio
471 1955 618 2028 visionis
655 1973 760 2048 mam
795 1955 939 2042 vidisti,

119 2087 264 2173 propter
292 2081 361 2154 boc
388 2081 537 2154 revetata
572 2079 713 2154 inerunt
748 2081 812 2156 tibi
848 2085 939 2168 ista,

119 2207 183 2282 tibi
209 2209 288 2284 soti.
308 2198 338 2244 55
349 2208 520 2296 Quoniam
539 2207 756 2300 dereliquisti
774 2227 865 2301 quae
883 2216 942 2284 tua

116 2342 213 2418 sunt,
234 2341 269 2408 ct
286 2337 416 2408 vacasti
435 2335 479 2408 iis
498 2353 589 2426 quae
615 2337 757 2408 nostra·
785 2343 879 2422 sunt,
908 2345 943 2413 et

119 2481 161 2536 oa
175 2479 265 2554 qnae
279 2463 367 2553 tegis
381 2467 465 2536 sunt
477 2461 656 2552 quaesisti.
676 2451 705 2496 55
716 2462 829 2536 Vitam
848 2463 942 2540 enim

69 2579 71 2584 ’
119 2595 213 2662 mam
241 2587 446 2679 disposuisti
473 2589 511 2662 in
538 2589 724 2680 sapientia,
753 2597 789 2664 et
814 2591 941 2666 intetti·

117 2717 255 2810 pontiae
272 2716 485 2792 acclamasti:
511 2716 620 2791 iiatc‘r
639 2735 728 2791 mea.
752 2707 783 2752 55
796 2719 943 2811 Propter

118 2843 188 2917 boc
214 2841 354 2918 osmunt
372 2843 437 2917 tibi
465 2843 541 2928 ista,
570 2863 707 2920 merces
735 2847 830 2920 enim
849 2845 942 2939 apud

118 2971 376 3046 uicesimum:
406 2972 476 3046 erit
502 2978 617 3046 nutem
644 2979 727 3064 post
753 2983 824 3062 tros
851 2974 940 3060 (lios,

119 3101 245 3192 loquar
261 3106 380 3174 tecum
405 3099 483 3184 alia,
503 3105 539 3174 et
555 3115 729 3191 exponam
746 3100 810 3174 tibi
838 3102 941 3174 mira·

118 3219 202 3302 nitra
227 3228 430 3302 norissima.

172 3343 202 3391 55
230 3355 273 3428 Et
297 3353 475 3446 proiectus
510 3369 615 3437 sum,
644 3359 681 3430 et
706 3351 878 3430 ambulari
905 3355 943 3430 tu

119 3499 242 3572 campo
260 3479 420 3564 multum,
440 3487 475 3554 ct
500 3480 735 3572 glorificabam
763 3487 799 3556 ct
824 3481 943 3556 lauda·

119 3607 199 3684 bam
224 3608 443 3682 Altbsimum
470 3607 516 3682 de
533 3607 752 3682 mirabilibus
770 3626 861 3700 quae
878 3627 943 3701 per

119 3743 259 3830 tompus
284 3735 386 3810 tecit:
414 3724 445 3770 55
459 3741 494 3812 et
510 3735 682 3826 gubernat
707 3729 883 3828 campum
906 3744 942 3812 et

118 3881 210 3956 qnae
236 3863 273 3936 in
300 3859 518 3953 temporibus
540 3863 696 3947 ueniunt,
726 3869 762 3938 et
786 3863 865 3938 sedi
891 3863 941 3938 ibi

120 3991 232 4068 nibus
259 3990 395 4066 dicbus.

172 4119 260 4202 xiv,
281 4109 294 4154 5
309 4119 352 4192 Et
368 4119 495 4192 tactum
514 4123 569 4192 est
594 4123 676 4208 post
701 4115 800 4204 brec,
821 4123 857 4192 et
874 4133 940 4211 epo

120 4219 287 4322 tenebam
305 4244 373 4320 snb
386 4263 532 4337 quercu.
551 4234 619 4318 ’Et
634 4261 728 4330 ecce,
745 4263 813 4320 von
832 4245 941 4322 exirit

116 4371 165 4454 ,de
192 4373 280 4448 rubo
307 4373 368 4468 qui
396 4379 516 4448 contra
542 4391 611 4456 mn,
631 4377 666 4446 et
684 4373 876 4463 rospondit,
906 4381 942 4448 et

120 4501 208 4579 uixit
224 4499 332 4578 mibi:
358 4501 445 4574 Earn
462 4501 559 4574 Erre.
578 4499 622 4572 Et
639 4499 734 4574 dini:
753 4501 843 4576 Ecce
861 4519 940 4594 ogo.

120 4627 163 4704 br
178 4627 316 4703 numeni
333 4643 441 4720 super
458 4625 569 4718 poma
589 4645 701 4708 moos.
729 4627 772 4700 Et
790 4627 940 4704 diritati

121 4774 197 4832 me:
224 4745 430 4832 ’Recolens
456 4757 630 4832 revelatus
656 4775 736 4832 sum
764 4755 809 4832 de
836 4755 938 4842 rubo,

121 4891 157 4962 et
180 4883 319 4960 locutus
346 4903 426 4959 snm
452 4903 533 4959 num
560 4885 691 4976 uerso.
720 4883 862 4977 quando
881 4901 942 4976 pu-

121 5012 226 5105 pulus
252 5031 354 5090 mens
388 5013 563 5090 seruiebat
597 5013 633 5088 tn
660 5011 844 5104 Aegypto,
874 5003 942 5088 ‘et

121 5139 319 5224 minirum,
348 5145 383 5216 at
409 5139 530 5216 eduxit
554 5139 723 5234 poputum
751 5157 867 5214 meum
895 5141 940 5216 (te

121 5267 290 5359 Aegypto,
310 5273 346 5342 nt
372 5265 517 5342 adduxit
535 5283 617 5342 oum
635 5267 672 5342 in
695 5267 886 5354 rimertum,
906 5275 942 5344 et

122 5393 313 5470 ascendere
339 5395 421 5470 tecit
437 5413 518 5470 cum
545 5393 590 5468 ant
617 5399 770 5470 montem
790 5395 885 5480 Sina,
905 5399 942 5470 et

122 5521 255 5596 ocbuui
273 5537 353 5596 cum
372 5521 465 5618 apuu
492 5539 549 5596 mo
567 5519 692 5596 diebus
720 5521 853 5596 multis:
880 5511 941 5596 'ct

122 5649 278 5724 enamart
297 5651 331 5726 ei
357 5649 527 5725 mirabilia
555 5649 673 5736 multa,
693 5655 728 5724 et
750 5649 888 5726 ostendi
907 5651 941 5726 oi

121 5783 317 5874 temporum
342 5785 500 5866 moreto.
536 5783 572 5856 ut
597 5779 747 5858 indicari
773 5781 806 5859 ei
833 5779 941 5856 tinent

1032 421 1213 502 uoramme
1233 425 1269 499 o't
1285 426 1447 519 praecopi
1465 425 1509 512 oi,
1530 435 1564 502 et
1582 425 1655 504 dini
1674 429 1719 504 ci:
1739 419 1856 508 ‘naeu

1032 551 1138 626 rerba
1162 571 1211 628 ex
1236 553 1280 628 iis
1308 554 1529 640 abscondes,
1560 563 1595 630 ct
1620 575 1665 632 cr
1692 557 1735 630 iis
1754 575 1852 634 rere·

1033 679 1133 754 labis.

1087 799 1151 882 ⁷iit
1167 827 1262 884 nunc
1279 809 1343 884 tibi
1362 811 1452 898 dico,
1472 813 1579 888 Earn:
1608 803 1744 905 ‘Signa
1762 831 1854 906 qnae

1033 943 1134 1009 antea
1161 936 1396 1011 demonstravi
1423 937 1498 1024 tibi,
1522 947 1557 1014 et
1582 941 1736 1015 visiones
1764 959 1853 1032 quas

1032 1063 1161 1148 uidisti,
1190 1071 1226 1138 ct
1251 1068 1570 1158 interpretationem
1598 1086 1718 1142 earum
1746 1087 1851 1162 qnam

1033 1191 1172 1277 audisti,
1200 1193 1238 1266 in
1265 1193 1371 1268 corde
1398 1201 1458 1270 tuo
1486 1215 1619 1288 repono
1646 1215 1698 1281 ea,
1728 1203 1764 1270 et
1790 1197 1853 1272 ab·
1957 1274 1964 1288 ,

1033 1319 1167 1392 scendo
1194 1337 1248 1394 ea.
1687 1381 1692 1390 .

1087 1438 1168 1522 'To
1193 1449 1287 1522 enim
1314 1450 1495 1542 recipieris
1522 1451 1566 1526 ab
1585 1451 1798 1540 homiuibus,
1819 1459 1855 1528 ot

1034 1575 1104 1649 eris
1123 1575 1251 1650 exindo
1278 1595 1358 1650 cum
1385 1577 1457 1651 itio
1476 1597 1556 1652 meo
1585 1586 1621 1654 ot
1647 1599 1727 1655 cum
1755 1582 1852 1656 simi·

1033 1700 1126 1776 tibus
1152 1703 1242 1785 tuis,
1270 1721 1457 1810 usquequo
1492 1703 1659 1780 finiantur
1685 1713 1853 1799 tempora.

1035 1817 1065 1864 ¹⁰
1078 1831 1262 1904 saccutum
1277 1832 1372 1904 enim
1387 1833 1502 1906 amisit
1511 1833 1728 1924 juventutem
1742 1853 1854 1916 suam.

1035 1963 1071 2031 et
1083 1963 1240 2047 tempora
1257 1959 1625 2050 appropinquaverunt
1642 1963 1856 2038 sanescere·

1036 2077 1065 2122 55
1074 2085 1173 2162 Nunc
1192 2104 1275 2178 ergo
1295 2087 1444 2178 dispono
1463 2087 1606 2162 domum
1623 2095 1730 2173 tuam,
1747 2097 1782 2164 ot
1799 2089 1858 2162 ari·

1035 2231 1140 2286 mnne
1153 2215 1323 2306 populum
1339 2219 1447 2299 teum,
1463 2223 1498 2290 et
1511 2217 1693 2291 consolare
1707 2219 1786 2308 pios
1800 2235 1857 2293 eo·

1035 2359 1125 2424 rum,
1154 2347 1190 2414 ot
1215 2341 1302 2414 doce
1329 2343 1519 2433 sapientes,
1548 2349 1584 2417 et
1601 2346 1760 2418 renuntia
1783 2345 1856 2436 jam

1034 2469 1126 2541 ritao
1144 2469 1201 2542 isti
1221 2469 1449 2560 corruptelae,
1471 2459 1501 2504 55
1516 2476 1552 2543 ot
1569 2469 1723 2544 dissolve
1741 2470 1804 2544 abs
1822 2477 1857 2546 tc
1914 2556 1917 2566 ‚

1034 2596 1175 2689 penum
1199 2595 1394 2680 bominum,
1424 2601 1459 2670 et
1481 2597 1612 2688 projice
1630 2598 1857 2688 cogitationes

1035 2724 1171 2808 mortis,
1191 2729 1227 2798 et
1244 2741 1333 2798 erue
1356 2725 1427 2816 jam
1455 2731 1612 2799 naturam
1632 2725 1854 2810 infirmitatis,

1036 2858 1071 2927 et
1106 2868 1238 2942 repono
1268 2853 1306 2926 in
1334 2869 1438 2926 unam
1466 2861 1599 2943 partem
1628 2853 1857 2944 cogitamenta

1035 2995 1130 3071 quae
1140 2985 1174 3054 te
1191 2979 1399 3070 angustiant.
1416 2985 1451 3052 et
1468 2979 1592 3054 testim
1609 2967 1857 3072 transmigrare

1036 3125 1057 3178 a
1092 3105 1311 3196 temporibus
1338 3105 1419 3180 bis:
1449 3096 1478 3142 55
1498 3125 1588 3198 quac
1616 3107 1711 3188 cuim
1737 3107 1857 3182 vidisti

951 3301 961 3326 5
1036 3249 1132 3304 nuuc
1158 3231 1267 3306 tuisse
1294 3233 1396 3316 mata,
1415 3233 1540 3308 iterum
1567 3241 1691 3324 postca
1716 3233 1775 3308 bis
1794 3233 1856 3310 do·

1035 3361 1163 3433 teriora
1199 3365 1326 3434 crunt:
1355 3349 1384 3396 55
1403 3367 1570 3452 quantum
1597 3363 1692 3438 cnim
1710 3361 1859 3438 uenum

1035 3487 1256 3560 saecutuma
1290 3493 1471 3562 muectnte
1498 3505 1583 3572 sua,
1617 3489 1668 3562 sic
1695 3488 1859 3581 multipii-

1034 3601 1208 3686 cabuutur
1233 3614 1323 3688 mata
1348 3629 1455 3707 super
1481 3613 1694 3690 habitatores
1730 3621 1855 3692 torrae

1035 3730 1064 3776 ¹⁷
1079 3741 1224 3832 Etonga't
1251 3742 1344 3815 euim
1371 3761 1412 3816 se
1440 3743 1550 3834 magis
1568 3744 1708 3827 nemus,
1738 3749 1774 3818 et
1800 3761 1859 3836 ap-

1034 3867 1246 3960 pmpinquat
1263 3865 1496 3942 mendacium.
1515 3869 1699 3944 tamenim
1717 3869 1859 3944 testinat

1033 3993 1155 4068 venire
1173 3994 1298 4086 aquila,
1319 4012 1424 4086 quam
1443 3995 1560 4070 vidisti
1580 3997 1617 4070 in
1635 3997 1785 4072 risione.

1087 4111 1118 4156 55
1135 4121 1179 4195 nr
1204 4120 1384 4213 respondi,
1405 4127 1440 4196 et
1457 4121 1546 4196 dixi:
1570 4123 1710 4216 Loquar
1737 4141 1856 4200 coram

1033 4253 1068 4324 te
1086 4249 1246 4324 Domino.
1274 4241 1303 4288 55
1320 4251 1411 4326 Ecce
1428 4269 1493 4343 ego
1512 4251 1630 4336 ubibo.
1649 4253 1741 4328 sicut
1758 4271 1858 4346 prau-

1033 4379 1159 4469 oepisti
1194 4379 1304 4464 mibi,
1347 4385 1383 4454 et
1416 4381 1651 4456 commonebo
1687 4382 1856 4474 poputum

1033 4504 1140 4580 istum
1166 4513 1398 4598 praesentem.
1418 4507 1484 4594 Qui
1503 4511 1774 4585 auteur'iterum
1794 4527 1855 4584 ua·

1015 4621 1187 4716 “scontun
1206 4633 1287 4724 quis
1306 4633 1543 4708 commonebit
1561 4638 1643 4710 eost
1658 4625 1691 4672 ¹⁰
1700 4621 1856 4712 Positum

1034 4763 1089 4832 est
1115 4757 1210 4834 enim
1236 4759 1416 4834 saccutum
1442 4761 1479 4834 iu
1507 4761 1673 4846 tenebris,
1694 4769 1730 4836 nt
1754 4761 1857 4840 habt·

1033 4888 1164 4964 tutores
1182 4885 1258 4977 ejus
1285 4887 1363 4962 sine
1389 4875 1532 4964 iumine.
1560 4879 1589 4924 55
1605 4891 1777 4976 Quoniam
1798 4891 1857 4966 tex

1029 5016 1094 5098 ‚tna
1110 5011 1255 5086 incensa
1282 5019 1346 5097 ost,
1366 5019 1402 5087 ot
1423 5033 1528 5090 nemu
1547 5015 1614 5092 scit
1631 5035 1739 5110 opera
1765 5035 1857 5110 qnae

1033 5137 1172 5223 iecisti.
1200 5139 1257 5214 ret
1284 5157 1373 5232 qnae
1399 5141 1552 5216 tutorum
1580 5149 1637 5217 est
1662 5149 1701 5218 nt
1737 5145 1855 5221 tactas.

1033 5257 1064 5304 55
1078 5267 1227 5388 δίκαιαι)
1255 5267 1374 5342 insoni
1401 5269 1544 5362 pretium
1572 5289 1688 5346 coram
1715 5277 1761 5358 te,
1789 5273 1856 5346 im·

1029 5395 1131 5470 mito
1150 5395 1187 5470 in
1214 5415 1284 5480 me,
1304 5397 1462 5482 bomtne,
1490 5397 1657 5490 Spiritum
1683 5405 1855 5485 sanctum.
1969 5369 1987 5454 ‘·

1029 5531 1071 5608 ,et
1095 5521 1247 5600 scribam
1266 5543 1372 5602 omne
1390 5525 1486 5618 quud
1503 5526 1631 5602 tactum
1650 5535 1706 5602 ost
1723 5529 1759 5602 in
1777 5539 1861 5604 suc-⁴

1034 5655 1115 5732 coto
1140 5652 1186 5728 ab
1212 5653 1337 5740 initio,
1365 5671 1471 5730 omns
1489 5653 1586 5746 quod
1613 5661 1687 5730 crat
1712 5657 1749 5730 in
1778 5657 1857 5750 bue
1968 5715 1973 5724 .

1034 5785 1091 5856 tna
1109 5781 1279 5874 scriptum
1298 5787 1337 5858 ut
1353 5781 1491 5876 possint
1509 5781 1672 5859 bomines
1697 5783 1857 5860 inuenire
