4594 6452
150 743 751 892 undamentum
777 744 1139 886 assuunt
1167 735 1809 946 APOSTOLOBUM

540 1043 830 1142 inausum
864 1043 1155 1171 vonsmtus
1187 1040 1418 1130 nantum

930 1267 933 1272 a
1002 1259 1008 1270 0

724 1283 1230 1302 ψ-ι--ι--ί-Ι·

302 2083 348 2173 ill
372 2075 549 2172 tflttstt
569 2073 737 2168 ttttttttt
755 2075 934 2164 tttctrtp
956 2073 1109 2164 tittto
1131 2073 1314 2166 ttttttt
1332 2073 1665 2166 isostttttttttt.

682 2411 725 2478 ill
746 2410 912 2478 nantum
934 2405 1082 2472 sanent
1103 2404 1289 2471 assultu.

158 2619 224 2706 tt,
248 2619 262 2660 ⁸
291 2617 445 2690 Stelanus
468 2611 588 2707 plenus
613 2615 719 2704 gratia
743 2623 776 2682 et
807 2607 932 2680 ulmute

110 2755 253 2827 faciebat
269 2755 364 2844 signa
380 2765 414 2824 et
429 2753 583 2846 prodigia
599 2767 721 2842 magna
738 2745 771 2820 ln
792 2751 930 2840 populo.

109 2896 145 2963 in
170 2895 306 2964 nomine
331 2893 459 2962 domini
483 2891 556 2960 iesu
580 2889 719 2958 christi:
741 2897 754 2935 t
786 2883 930 2957 Enume-

107 3039 232 3098 xerunt
256 3039 370 3097 autem
394 3027 532 3118 quidam
556 3027 598 3095 de
621 3027 783 3114 sinagoga
800 3043 930 3094 corum.

107 3167 171 3256 qui
194 3165 353 3235 dicuntur
376 3163 530 3233 libertini.
548 3171 581 3231 et
597 3163 639 3232 dc
655 3161 881 3230 cirinensium.
899 3169 932 3228 et

106 3303 153 3372 de
177 3301 485 3370 alexandrinorum.
501 3307 534 3367 ct
558 3317 677 3368 eorum
700 3297 760 3385 qui
783 3315 803 3364 a
826 3296 932 3364 cilicia

106 3447 217 3508 erant.
242 3447 276 3506 ct
311 3437 354 3506 ab
390 3437 460 3504 asia
482 3441 731 3524 ‘conquerentes
759 3451 837 3500 cum
865 3441 931 3500 ste·

106 3579 201 3646 iano.
219 3568 245 3614 '⁶
268 3593 330 3644 nec
353 3582 510 3664 poterant
530 3571 685 3640 resistere
701 3569 874 3660 sapientia.
898 3576 932 3638 et

105 3713 232 3802 spiritu
256 3723 374 3782 sancto
398 3733 467 3803 quo
492 3709 707 3800 loquebatur:
726 3705 749 3742 '¹
774 3711 870 3778 Tunc
885 3707 933 3777 in·

104 3849 276 3918 miserunt
313 3851 404 3920 uiros
441 3847 599 3918 dicentes.
623 3847 703 3936 quia
737 3845 931 3914 audiuimus

105 4007 192 4058 cum
216 3988 409 4078 loquentem
434 3986 539 4056 norbo
561 3984 764 4054 blaslemiac.
781 3983 815 4052 in
839 4000 933 4071 moy·

104 4145 171 4194 sen
196 4133 229 4194 et
253 4125 373 4194 deum:
392 4126 417 4165 ¹²
440 4123 480 4192 Et
496 4122 750 4192 concitauerunt
765 4121 930 4210 populum

104 4279 150 4330 ao
174 4261 327 4332 senioris.
344 4269 378 4330 et
393 4262 530 4332 scribas.
548 4269 580 4330 et
597 4261 861 4330 circumstantes.
878 4281 931 4328 ra·

103 4407 259 4488 puerunt
283 4419 373 4469 eum.
389 4409 423 4468 ct
439 4399 652 4469 adduxerunt
675 4399 709 4466 in
733 4398 931 4468 concilium:

105 4533 136 4572 ¹³
148 4531 188 4604 Et
205 4545 396 4606 statuerunt
411 4537 513 4606 lnlsos
530 4545 631 4604 testes
647 4533 805 4606 dicentes:
823 4533 932 4602 llomo

103 4681 186 4748 istc.
211 4695 279 4746 non
304 4683 411 4746 cessat
436 4673 540 4742 uerba
564 4671 657 4761 loqui
680 4679 796 4740 contra
819 4670 931 4739 locum

101 4821 278 4884 sanctum.
303 4821 337 4880 ct
361 4811 492 4898 legem:
512 4815 535 4854 ¹⁴
559 4807 760 4878 budiuimus
784 4807 874 4876 enim
897 4807 933 4876 il·

100 4956 183 5022 lum
200 4949 377 5020 dicentem.
394 4949 473 5039 quia
486 4947 588 5017 'iesus
613 4965 788 5018 nazoreus.
805 4945 858 5014 bic
874 4945 932 5014 de·

98 5089 212 5158 struit
235 5089 347 5158 locum
372 5087 473 5156 bunc.
494 5095 528 5156 ct
551 5087 695 5154 mutauit
719 5083 933 5174 instarquod

97 5227 256 5298 tradedit
279 5227 377 5306 nobis
400 5243 550 5313 moyses:
577 5219 601 5260 ¹⁸
618 5223 658 5292 Et
673 5221 882 5292 intendentes
898 5221 932 5290 in

97 5367 208 5436 illum
232 5381 350 5434 omncs
375 5363 434 5452 qui
457 5359 619 5432 sedebant
642 5361 675 5428 in
704 5359 856 5429 concilio.
881 5359 932 5428 ni·

95 5505 236 5574 derunt
260 5503 395 5570 uultum
418 5499 491 5569 eius
516 5509 689 5586 tamquam
712 5497 846 5566 nultum
874 5517 933 5566 an-

93 5637 193 5730 geli:
217 5639 286 5724 vlt,
306 5636 381 5708 'bit
405 5647 518 5706 autem
541 5637 697 5726 princeps
720 5635 933 5706 sacerdotum

93 5775 255 5852 stclano:
271 5778 307 5850 Si
323 5777 405 5848 baec
421 5778 467 5848 ita
483 5797 520 5847 se
536 5767 690 5846 babent:¹
709 5773 761 5846 td
771 5774 826 5846 ille
838 5775 932 5848 dixit:

1003 2593 1005 2598 ’
1028 2607 1054 2648 ⁸¹
1072 2611 1164 2680 Dum
1188 2611 1320 2680 ceruice
1342 2619 1376 2678 et
1395 2627 1464 2680 non
1487 2608 1675 2720 circumcisi
1698 2609 1847 2680 corde'et

1028 2749 1178 2818 auribus.
1204 2767 1267 2817 uos
1299 2767 1433 2837 semper
1455 2747 1589 2837 spiritui
1613 2757 1728 2818 sancto
1753 2749 1847 2818 rosti-

1029 2887 1126 2956 tistis.
1150 2887 1238 2954 sicut
1268 2887 1373 2976 patris
1397 2887 1502 2956 uestri
1524 2895 1558 2957 et
1581 2906 1666 2958 uos:
1683 2883 1710 2924 ⁸²
1737 2890 1846 2975 Quem

1028 3025 1118 3094 enim
1143 3025 1352 3116 prolatarum
1367 3041 1435 3094 non
1452 3033 1530 3093 sunt
1552 3027 1720 3115 persecuti
1735 3029 1848 3116 patres
1947 3087 1952 3097 ,

1029 3165 1143 3234 nestri.
1168 3171 1202 3232 et
1225 3157 1420 3233 occiderunt
1434 3183 1504 3234 eos.
1528 3163 1588 3251 qui
1603 3161 1847 3232 adnuntiabunt

1028 3301 1070 3370 de
1094 3301 1243 3371 aduentu
1267 3301 1356 3368 iusti.
1381 3300 1476 3369 cuius
1500 3319 1590 3368 nunc
1614 3317 1677 3370 nos
1700 3299 1847 3389 prodito·
1990 3397 1993 3404 .

1028 3458 1081 3507 res
1102 3447 1135 3508 et
1150 3439 1378 3508 interfectores
1394 3435 1529 3505 luestes.
1543 3433 1569 3478 ⁵³
1590 3437 1649 3526 qui
1673 3436 1846 3526 accepistis

1027 3576 1135 3666 legem
1159 3577 1193 3644 in
1210 3575 1419 3646 ordinatione
1435 3565 1632 3664 angelorum
1648 3582 1681 3642 et
1704 3591 1772 3643 non
1790 3593 1846 3644 oo·

1027 3713 1191 3784 stodistis:
1217 3711 1243 3750 ⁸⁴
1261 3711 1346 3781 Cum
1363 3721 1476 3789 autem
1500 3711 1582 3780 baec
1605 3709 1770 3780 audirent.
1786 3711 1848 3780 irc

1028 3849 1166 3920 mebant
1189 3851 1223 3919 in
1239 3850 1397 3922 cordibus
1413 3851 1495 3918 suis.
1512 3829 1545 3918 et
1568 3849 1753 3918 stridebant
1770 3849 1848 3920 den·

1028 3985 1117 4055 tibus
1141 3986 1175 4054 in
1200 4005 1301 4055 enm:
1327 3953 1554 4054 ⁵⁸llle'autem
1570 4005 1648 4055 cum
1672 3995 1761 4056 esset
1776 3987 1845 4078 ple·
1902 4043 1906 4050 .

1028 4143 1092 4193 nus
1126 4125 1263 4214 spiritus
1281 4085 1414 4196 'sancto
1441 4109 1618 4194 intendens
1653 4125 1687 4193 in
1716 4125 1846 4194 caelum

1025 4262 1111 4331 uidit
1132 4261 1342 4332 maiestatem
1365 4261 1420 4332 dei
1443 4272 1477 4332 ct
1500 4263 1609 4332 iesum
1632 4271 1778 4332 stantem
1803 4264 1846 4333 ad

1026 4399 1152 4468 dextris
1176 4399 1240 4470 dei.
1258 4407 1291 4468 et
1315 4399 1376 4468 ait:
1400 4399 1485 4470 Ecce
1509 4399 1610 4470 uideo
1627 4401 1737 4470 caelos
1753 4419 1847 4491 aper·

1027 4545 1104 4606 tos:
1135 4545 1168 4604 et
1192 4535 1299 4605 lilium
1331 4537 1478 4606 bominis
1509 4547 1629 4607 statem
1653 4539 1696 4608 ad
1719 4539 1845 4608 dextris

1027 4673 1096 4743 dei:
1114 4683 1141 4724 ⁸⁸
1166 4671 1356 4744 clamantes
1380 4685 1494 4743 autem
1519 4695 1603 4746 noco
1620 4695 1753 4766 magna.
1770 4697 1847 4746 oon·

1026 4821 1222 4902 presserunt
1257 4831 1356 4880 aures
1392 4821 1541 4882 suaset
1574 4813 1731 4904 impitnm
1759 4809 1845 4883 lece·

1026 4955 1105 5016 runt
1137 4967 1208 5017 nno
1239 4949 1352 5019 animo
1384 4949 1417 5018 in
1450 4969 1551 5018 eum:
1577 4951 1603 4995 ⁵¹
1628 4951 1846 5040 Eiectumque

1025 5095 1119 5154 entra
1143 5087 1288 5156 ciuitate.
1317 5085 1535 5176 lapidabant:
1568 5085 1607 5155 Et
1639 5085 1712 5155 lalsi
1744 5095 1846 5156 testes

1026 5232 1254 5314 exposuerunt
1277 5224 1477 5292 uestimenta
1513 5243 1708 5294 suessona
1743 5225 1846 5314 pcdcs

1025 5361 1246 5430 adoliscentes
1271 5361 1407 5432 nomine
1423 5361 1519 5430 sauli.
1545 5355 1572 5396 ⁵⁸
1588 5381 1627 5430 ac
1651 5361 1843 5452 lapidabant

1026 5497 1203 5568 stelenum.
1228 5510 1262 5568 et
1284 5501 1498 5570 inuocantem
1523 5509 1556 5568 ct
1585 5497 1761 5570 dicentem.
1786 5503 1846 5572 do

1025 5633 1116 5704 mine
1132 5635 1205 5704 iesu
1221 5637 1334 5728 accipe
1350 5637 1506 5728 spiritum
1522 5657 1651 5708 meum:
1673 5639 1701 5680 ⁸⁹
1713 5633 1847 5710 Positis

1026 5795 1092 5868 que
1107 5777 1261 5868 genibus.
1285 5778 1442 5848 clamauit
1466 5797 1550 5850 noce
1574 5797 1695 5868 magna
1720 5777 1846 5848 dicens:
