4690 6406
101 527 107 536 ·
131 446 183 505 uu.
198 460 227 504 n.
292 445 368 505 sunt
392 437 462 506 dies
487 434 575 504 ullae
598 453 667 504 san-

276 571 344 621 ·rae
368 560 401 622 et
424 553 631 620 mortuaest

290 667 321 732 in
345 665 492 734 chebron
517 671 551 733 et
573 664 673 732 adue-

291 779 337 845 nit
360 778 517 848 ahraham
542 786 580 846 ut
603 778 695 864 plan-

232 969 238 986 ·
288 897 379 975 peret
403 907 477 957 eam
502 893 543 956 Et
567 895 672 974 temp-

291 1003 433 1070 tauimus
458 1019 536 1070 eum
560 1001 588 1070 si
613 1001 695 1087 pati-

289 1135 348 1184 ens
373 1123 464 1184 esset
487 1113 625 1202 spiritus
650 1114 721 1182 eius

289 1237 414 1296 elnon
439 1225 623 1314 pusilliani-

291 1358 364 1407 muns
391 1340 423 1406 in
449 1339 561 1407 uerbis
585 1337 653 1420 nris

288 1453 338 1518 sni
364 1460 397 1520 et
421 1453 577 1520 inuentus
602 1457 654 1519 est

287 1573 319 1632 et
345 1565 376 1631 in
402 1565 465 1633 hoe
490 1563 660 1651 patientis·
722 1577 727 1586 ·

284 1677 710 1746 mmmmffim-

284 1791 435 1858 turbatus
460 1787 616 1875 queniam

286 1903 316 1968 in
342 1902 589 1988 longanimitate

287 2013 423 2098 spiritus
447 2013 579 2082 loeutus
604 2023 655 2082 est

288 2143 363 2193 eum
387 2125 464 2194 tiliis
489 2127 566 2212 gelli
591 2135 628 2194 nt

189 2273 211 2298 n
290 2238 369 2304 (lent
393 2237 439 2303 illi
465 2238 575 2306 locum
600 2239 655 2307 ubi

288 2351 440 2435 sepelliat
464 2353 634 2419 moitunm

286 2461 680 2533 mmmmmm
803 2489 807 2494 ·

205 2580 208 2588 “
284 2575 332 2644 dit
355 2576 438 2646 dens
462 2578 600 2662 gratiam
624 2579 652 2645 et
677 2579 710 2645 in

284 2695 465 2773 conspectu
489 2690 638 2758 omnium

284 2799 467 2870 uidentium
492 2819 569 2872 eum
593 2811 628 2871 et
750 2814 752 2822 ’

282 2913 500 2997 depraedatus
525 2921 578 2982 est

284 3025 317 3092 in
342 3013 598 3094 mansuetudine

205 3193 211 3203 .
283 3156 301 3204 ιι
326 3138 402 3206 tiliis
426 3138 503 3223 pem
529 3147 563 3208 et
587 3141 643 3208 de-

284 3253 407 3319 derunt
431 3251 462 3318 ei
486 3267 602 3336 agrum

285 3363 388 3450 spelei
412 3363 580 3448 duplicem

284 3477 374 3562 quod
398 3485 449 3545 est
473 3484 588 3546 eontra
612 3479 657 3546 la-

285 3590 368 3658 ciem
392 3591 540 3660 mambre
564 3591 646 3660 haee

285 3709 336 3772 est
358 3703 504 3772 chebron
529 3705 687 3790 quadrin-

285 3818 393 3902 gentis
417 3817 562 3888 denariis
586 3825 620 3887 et

285 3929 348 3998 line
372 3931 628 4016 postulauerunt

285 4042 325 4110 ab
348 4058 389 4115 eo
414 4041 563 4112 dieentes
587 4045 646 4114 da-

286 4173 360 4223 mus
385 4155 443 4224 tibi
468 4157 569 4242 gratis
595 4165 628 4224 et

285 4285 352 4336 non
376 4269 503 4355 aceepit
525 4269 567 4338 de
591 4287 662 4338 ma-

286 4381 382 4450 nlbns
407 4397 525 4451 eorum
550 4381 651 4464 gratis

285 4494 443 4580 qnoniam
467 4493 558 4562 dedit
582 4511 675 4578 prae-

287 4607 369 4676 tium
393 4607 457 4676 loci
482 4608 657 4692 peeuntum

288 4721 448 4806 ennplens
472 4728 506 4790 et
528 4721 610 4789 adn-

288 4833 373 4902 mult
396 4851 455 4902 eos
478 4834 530 4902 his
554 4841 587 4902 et
612 4843 687 4918 post

287 4945 368 5014 haee
393 4947 560 5033 sepelliuit

287 5067 456 5128 mortuum
481 5079 579 5130 snum
604 5063 635 5128 in

287 5171 403 5258 speleo
427 5172 550 5260 duplici

265 5287 305 5352 Et
329 5285 404 5354 laeti
429 5295 506 5355 sunl
530 5289 601 5356 dies

288 5415 404 5467 omnes
427 5399 516 5467 uitae
537 5419 649 5469 sannae

288 5520 415 5598 septem
440 5519 473 5580 et
497 5513 613 5598 uiginti

289 5631 321 5692 et
344 5631 477 5693 eentum
502 5627 577 5694 anni

288 5735 320 5804 id
343 5745 393 5808 est
416 5739 502 5808 dues
526 5739 675 5808 iubelens

900 257 1090 320 ...tl-

1014 439 1067 502 alti.
1086 455 1115 502 n.
1177 435 1377 522 septimanas
1401 445 1498 524 qnat-

1175 556 1252 618 tunn
1274 551 1384 619 minus
1408 568 1513 620 unum

1175 680 1298 730 annum
1323 662 1366 730 hii
1391 670 1469 732 sunt
1495 663 1542 731 di·

1175 793 1212 843 es
1236 776 1324 844 uitae
1349 793 1460 844 sannae

1154 893 1240 956 llaec
1264 890 1437 976 temptatio
1463 891 1523 960 de-

1176 1002 1259 1068 eima
1284 1002 1316 1070 in
1342 1021 1405 1088 qua
1429 1003 1547 1072 inuen-

1178 1121 1231 1183 tus
1256 1122 1307 1183 est
1331 1123 1365 1183 et
1388 1116 1421 1182 in
1446 1115 1517 1202 ipsa

1175 1229 1331 1297 ahraham
1355 1229 1463 1296 fidelis
1488 1237 1521 1296 et

1178 1348 1211 1408 et
1236 1340 1446 1426 longanimus
1471 1342 1590 1428 spiritu

1176 1463 1209 1522 et
1233 1455 1315 1523 dixit
1339 1473 1529 1524 sermonem

1174 1586 1234 1654 pm
1259 1587 1416 1640 sermone
1442 1578 1549 1640 lemae

1176 1681 1262 1750 sieut
1286 1681 1368 1752 dixit
1391 1683 1436 1750 illi
1462 1685 1541 1752 dane

1173 1793 1257 1862 deus
1281 1796 1359 1862 dare
1383 1795 1430 1862 illi
1455 1813 1528 1864 eam
1552 1778 1587 1866 et
1610 1815 1661 1866 se-

1176 1907 1256 1976 mini
1280 1908 1352 1976 eius
1376 1915 1453 1994 pust
1477 1926 1554 1978 eum

1173 2029 1207 2088 et
1231 2022 1341 2090 locum
1365 2022 1448 2108 petit
1471 2022 1512 2091 ab
1537 2023 1586 2093 eis

1172 2141 1208 2201 ut
1231 2133 1400 2220 sepelliret
1424 2151 1518 2202 mon-

1175 2249 1269 2312 tunm
1294 2261 1392 2312 suum
1417 2234 1538 2330 quoni-

1175 2374 1228 2424 am
1250 2356 1407 2425 inuentus
1431 2363 1483 2425 est
1508 2358 1543 2424 ss·

1172 2465 1257 2534 delis
1281 2472 1314 2533 et
1337 2465 1499 2550 seriptum

1175 2582 1227 2643 est
1250 2573 1375 2642 amiens
1399 2574 1451 2642 dei
1477 2573 1510 2640 in
1537 2581 1586 2641 ta·

1175 2683 1262 2754 bulis
1286 2683 1367 2752 eaeli

1151 2801 1192 2865 Et
1215 2798 1248 2864 in
1273 2787 1360 2866 annd
1385 2805 1505 2884 quantu

1174 2909 1278 2994 ipsius
1302 2909 1430 2996 aceepit
1454 2912 1550 2980 abra-

1172 3022 1248 3090 lnam
1272 3021 1339 3090 isac
1363 3021 1435 3090 lilio
1460 3039 1522 3091 suo

1101 3189 1107 3200 .
1175 3135 1350 3202 mulierem
1373 3141 1407 3202 et
1430 3153 1553 3204 nomen

1175 3250 1248 3318 eius
1272 3249 1409 3318 rebecca
1433 3247 1499 3316 lilia

1172 3363 1308 3431 bathuel
1333 3362 1391 3430 lilii
1415 3359 1541 3428 nachor

1056 3509 1057 3512 ι
1172 3476 1284 3544 fratris
1308 3475 1464 3544 abraham

1170 3607 1321 3658 senonem
1346 3588 1438 3656 labae
1463 3587 1562 3654 liliam

1052 3765 1054 3772 .
1170 3699 1307 3800 bathuel
1330 3707 1363 3768 et
1386 3700 1522 3770 bathuel

1172 3807 1356 3884 filiuserat
1380 3815 1486 3884 malee

1171 3927 1322 3996 mulieris
1346 3927 1473 3996 nachon

1171 4041 1285 4114 fratris
1309 4041 1465 4110 abraham
1510 4087 1513 4094 ·

1150 4160 1191 4224 m
1215 4156 1370 4224 abranam
1394 4153 1521 4236 aceepit

1171 4269 1233 4338 sibi
1257 4268 1430 4338 mulierem
1454 4273 1522 4334 ter-

1171 4383 1249 4450 tiam
1273 4388 1306 4449 et
1330 4398 1454 4450 numen
1479 4381 1508 4450 ei

1171 4493 1536 4564 mmmmm

1170 4609 1432 4677 domesticorum
1457 4627 1510 4678 su·
1653 4601 1659 4608 ’

1170 4737 1267 4788 nrum
1290 4737 1331 4788 eo
1355 4720 1445 4805 quod
1469 4737 1561 4786 mur-

1134 4871 1137 4878 *
1173 4841 1228 4902 tua
1253 4840 1342 4902 esset
1365 4849 1444 4916 agan
1466 4833 1535 4916 pn-

1172 4967 1312 5036 nsquam
1336 4965 1426 5017 sama
1450 4953 1484 5014 et
1508 4963 1563 5030 pe-

1172 5062 1258 5148 perit
1281 5062 1327 5130 illi
1352 5079 1411 5130 sen
1435 5060 1521 5130 illins

1170 5175 1306 5244 lebnam·
1330 5181 1364 5244 et
1387 5175 1505 5244 ieetam

1172 5297 1205 5357 et
1228 5287 1358 5356 madan·
1382 5295 1415 5355 et
1438 5287 1589 5354 madiam·

1170 5409 1204 5470 et
1227 5402 1337 5470 sebee·
1362 5407 1396 5468 et
1419 5417 1470 5466 ne·
1496 5399 1527 5464 in

1168 5515 1254 5582 duos
1277 5511 1474 5600 septimana-

1166 5645 1241 5696 mm
1264 5644 1428 5696 annorum

1144 5741 1185 5808 ut
1209 5739 1242 5808 in
1267 5747 1361 5810 sexto
1385 5723 1541 5828 septima-
