4690 6406
135 349 190 410 so.
205 363 234 410 c.

136 461 204 522 Xi'i

304 341 457 409 uniuersa
481 355 582 424 opera
607 337 656 424 ip-

299 471 412 522 sorum
436 466 664 538 quemammo-

295 569 374 634 dum
399 573 492 634 erant
516 563 619 649 iniqui

295 691 328 748 et
352 685 544 766 peccatores
568 677 638 743 uat-

176 881 179 888 .
291 791 331 858 de
355 797 388 858 et
412 786 564 857 inmundi
588 805 683 873 spur-

197 3046 222 3108 b.

292 901 384 970 citios
409 905 603 969 exercentes

297 1016 328 1082 in
353 1013 509 1083 carnibus
533 1012 603 1082 suis
627 1021 660 1079 et
685 1012 729 1080 ia-

297 1129 423 1196 cientes
446 1125 618 1194 abomina-

298 1241 406 1308 tiones
432 1245 623 1337 superter-

299 1371 381 1420 ram·
404 1355 452 1419 lta
477 1349 565 1418 enim
588 1349 685 1417 faciet

299 1466 381 1532 deus
406 1462 565 1532 iudicium
589 1463 622 1528 in
648 1445 747 1530 iocis'

299 1579 500 1663 ubicumque
520 1577 659 1644 fecerint

297 1688 553 1759 abominationis
578 1706 632 1756 so-

297 1806 434 1872 domum
458 1802 505 1870 sic
530 1800 653 1870 iudica-

297 1917 344 1984 bit
367 1915 453 1984 iilos·
478 1916 521 1982 Et
544 1913 615 1982 iotb
640 1913 676 1980 ii-

298 2026 489 2097 berabimus
514 2024 591 2092 inde
617 2041 716 2110 prop·
807 2035 811 2042 '

300 2149 350 2208 ter
373 2138 464 2226 quod
488 2155 618 2206 memor
640 2138 689 2206 iu-

300 2254 322 2321 it
347 2253 431 2321 deus
454 2251 595 2320 abrabae
620 2259 655 2320 ut
679 2253 740 2319 eii-

301 2367 432 2434 beraret
455 2381 532 2462 eum
557 2363 598 2432 de
622 2381 691 2432 me-

301 2478 356 2546 dio
381 2475 589 2546 coertionis.

279 2589 410 2658 Etenim
434 2588 511 2656 iecit
534 2589 606 2674 ipse

299 2711 331 2771 et
355 2702 413 2772 filii
438 2701 511 2770 eius
535 2701 691 2788 iniquita-

300 2825 367 2884 tem
391 2833 495 2901 super
518 2821 641 2882 terram

298 2927 406 3014 qualis
430 2944 499 2995 non
523 2933 574 2996 est
597 2915 682 2994 tacta

302 3043 336 3110 in
361 3049 430 3110 tota
454 3049 541 3110 terra
565 3061 584 3109 a
607 3041 724 3110 diebus

301 3153 457 3222 abraham
482 3169 588 3240 usque
612 3153 722 3240 ipsum

299 3275 336 3336 ut
360 3265 523 3336 dormiret
546 3265 647 3334 bomo

298 3381 374 3448 bum
397 3379 529 3448 diiabus
553 3379 623 3446 suis
648 3378 772 3447 etenim
834 3359 835 3366 ἵ

300 3509 377 3562 eece
401 3492 637 3562 demandatum

298 3613 350 3675 est
372 3612 406 3674 et
430 3604 591 3690 scriptum
614 3603 647 3671 in

300 3735 398 3788 omne
421 3733 535 3786 semen
559 3715 593 3784 in
618 3723 667 3784 ta-

300 3829 386 3900 bulis
409 3827 491 3896 oaeli
514 3833 552 3895 ut
575 3827 667 3896 aute-

300 3951 415 4012 rantur
438 3949 472 4010 et
495 3941 652 4010 extermi-

300 4063 422 4124 nentur
446 4052 521 4122 tatis
545 4059 578 4120 et
602 4059 639 4120 ut

299 4171 355 4238 iiat
380 4153 537 4237 iudicium
561 4166 711 4252 ipsorum

300 4281 484 4352 secundum
507 4278 667 4352 iudicium

299 4397 476 4465 sodomum
500 4401 537 4460 ut
561 4409 627 4461 non

298 4509 549 4594 derelinquatur
571 4506 605 4574 in

298 4620 379 4706 ipsis
404 4636 503 4688 omne
527 4635 641 4688 semen

296 4733 441 4803 bominis
464 4733 498 4802 in
523 4741 611 4802 terra

300 4847 331 4914 in
356 4845 410 4916 die
435 4845 546 4914 iuditii
661 4887 669 4900 ·

275 4960 314 5026 Et
337 4957 372 5026 io
397 4973 512 5026 mense
537 4957 600 5026 boc
625 4957 694 5026 cxi-

298 5069 347 5138 uit
370 5067 525 5138 abrabam
550 5088 567 5137 a
592 5069 714 5137 cebron

297 5189 331 5250 et
355 5181 435 5251 abiit
458 5191 491 5250 et
516 5181 679 5250 inhabita-

299 5295 347 5363 uit
372 5295 459 5362 inter
481 5293 627 5363 medium

298 5405 397 5474 cades
421 5413 454 5474 et
478 5423 536 5474 sur
559 5405 735 5472 infinibus

300 5537 451 5606 gerarum

277 5635 316 5700 nt
340 5633 372 5700 in
395 5632 506 5702 modio
531 5632 654 5700 mensis

832 5067 843 5099 Ι

896 159 1075 222 ..17-

1028 340 1124 403 tide.
1187 337 1291 422 quinti
1317 335 1486 404 transtulit

1099 465 1102 470 ·
1183 470 1219 518 se
1244 449 1319 550 inde
1345 454 1378 518 et
1402 447 1560 518 habitauit
1661 483 1666 494 ·

1183 581 1280 631 secus
1306 569 1445 648 puteum
1468 563 1558 630 iura·
1660 636 1663 644 ,

1183 675 1281 742 tionis
1306 679 1349 744 ut
1369 675 1403 742 in
1427 676 1539 745 medio

1180 789 1305 856 mensis
1330 789 1414 856 sexti
1440 787 1553 856 uisite
1622 839 1627 850 .

1183 903 1232 970 uit
1255 902 1338 970 deus
1363 920 1489 970 sarram
1513 910 1547 970 et
1570 903 1647 970 ierit

1184 1014 1228 1079 iiii
1255 1014 1340 1082 sicut
1365 1013 1447 1082 dixit
1470 1021 1503 1082 ct
1529 1032 1610 1082 con-

1137 1177 1141 1186 .
1183 1125 1269 1209 cepit
1294 1132 1327 1192 et
1352 1125 1570 1210 peperunt.

1186 1257 1242 1305 um
1267 1238 1298 1304 in
1324 1255 1440 1306 mense
1465 1237 1607 1323 septimo
1735 1281 1742 1291 -

1184 1349 1585 1418 onmmmm
1715 1331 1720 1342 '

1186 1463 1370 1531 secundum
1395 1471 1528 1548 tempus

1186 1577 1274 1662 quod
1299 1576 1381 1644 dixit
1405 1577 1488 1644 deus
1513 1576 1553 1644 ad
1578 1578 1672 1644 abra-

1185 1689 1259 1756 bam
1286 1689 1319 1756 in
1344 1689 1432 1756 diem
1456 1689 1578 1756 testum

1186 1802 1432 1887 primitiuornm
1455 1808 1552 1868 natus
1651 1816 1676 1842 f

1084 1899 1089 1910 ’
1184 1923 1236 1982 est
1261 1916 1327 1982 isac
1351 1920 1384 1982 et
1409 1911 1551 1980 circum-

1185 2029 1264 2096 cidit
1287 2028 1444 2096 abrabam
1468 2025 1573 2094 silium

1185 2159 1284 2208 suum
1308 2147 1427 2208 octauo
1452 2139 1505 2207 die
1530 2139 1583 2206 bio

1187 2253 1313 2338 primus
1338 2251 1552 2320 circumcisus

1182 2362 1446 2432 'estsecundom
1471 2371 1536 2432 tes·
1648 2363 1653 2370 '

1188 2483 1370 2544 tamenttim
1394 2476 1538 2561 disposi-
1580 2487 1585 2500 ·

1188 2597 1258 2656 tum
1284 2588 1316 2656 in
1341 2589 1473 2656 saecuta

1164 2705 1203 2768 nt
1228 2702 1261 2768 in
1287 2719 1373 2768 anno
1398 2707 1495 2770 sexto
1520 2719 1594 2788 sep-

1187 2815 1385 2882 timanarum
1410 2815 1519 2901 quarti

1187 2929 1353 2998 adfuimus
1377 2929 1417 2997 ad
1439 2931 1598 3000 abrabam
1702 2959 1710 2976 ·

1103 3094 1109 3108 .
1185 3060 1281 3110 secus
1306 3049 1445 3128 puteum
1469 3044 1556 3112 iura·

1187 3155 1285 3222 tionis
1310 3163 1343 3224 ct
1367 3155 1431 3224 uisi
1454 3173 1570 3224 sumus

1184 3269 1230 3335 iiii
1254 3269 1342 3336 sicut
1365 3267 1555 3336 dixeramus

1186 3397 1297 3447 sarrae
1323 3380 1479 3466 quoniam
1503 3397 1558 3448 re-

1186 3494 1272 3561 uerti
1295 3494 1493 3562 haberemus

1065 3605 1074 3620 '
1183 3609 1224 3674 ad
1248 3625 1321 3676 eam
1346 3613 1380 3674 et
1403 3605 1474 3692 ipsa
1498 3606 1532 3673 in
1557 3623 1638 3673 oon·

1185 3727 1319 3806 ceptum
1343 3719 1481 3788 baberet
1504 3719 1541 3785 b-

1186 3831 1266 3898 iium
1290 3849 1389 3900 suum
1413 3837 1447 3899 et
1471 3847 1583 3900 reuer-

1185 3946 1213 4012 si
1238 3962 1356 4013 sumus
1380 3944 1412 4012 in
1437 3961 1552 4014 mense

1184 4055 1329 4140 septimo
1353 4063 1387 4124 et
1410 4057 1541 4125 inueni*

1184 4185 1258 4236 mus
1283 4185 1408 4236 sarram
1433 4184 1576 4253 concep-

1186 4287 1256 4348 tum
1281 4279 1460 4348 habentem
1482 4279 1515 4348 in

1187 4401 1368 4480 conspectu
1394 4401 1510 4462 nostro

1186 4513 1218 4572 et
1242 4505 1474 4576 benediximus
1499 4525 1574 4576 cum

1184 4628 1216 4684 et
1243 4618 1463 4688 indicauimus
1487 4619 1534 4686 iiii

1185 4747 1413 4816 quaecumque
1437 4731 1550 4799 decre·

1183 4849 1214 4908 ta
1240 4843 1371 4910 suntsi
1396 4851 1429 4910 et
1453 4861 1594 4930 quomo-

1181 4949 1224 5016 do
1250 4957 1339 5018 esset
1363 4952 1545 5020 moriturus

1182 5071 1215 5130 et
1240 5051 1330 5148 quod
1354 5073 1528 5150 generaret

1188 5175 1296 5243 adbuc
1320 5194 1379 5246 sex
1403 5177 1490 5247 iiiios
1514 5187 1547 5246 et

1119 5283 1123 5290 '
1185 5289 1310 5358 uidebit
1334 5275 1534 5360 eos'omnes

1184 5401 1377 5486 priusquam
1401 5401 1563 5470 moriatur

1183 5513 1243 5582 sed
1266 5513 1300 5582 in
1324 5515 1391 5582 isac
1414 5513 1571 5608 multipii-

1184 5627 1313 5696 cabitur
1336 5635 1369 5696 ct
1393 5625 1566 5698 uocabitur
