4690 6406
1252 141 1430 208 ...pp-

1368 323 1466 389 5l.a.
1531 325 1669 389 testatus
1693 323 1745 388 est
1767 319 1850 388 deus
1874 320 1914 386 ad

1528 433 1683 502 ahraham
1708 432 1783 517 quia
1808 431 1849 500 dc
1875 432 1914 498 h-

372 355 380 387 i
481 328 579 392 tzur
640 322 734 390 illum
758 327 792 390 et
814 321 1013 410 multiplica-

480 438 538 504 XV
642 433 685 502 ho
710 449 787 502 eum
810 439 845 504 et
867 436 1028 520 adaugam

642 565 720 615 eum
743 547 841 617 ualde
863 551 946 618 Nam
969 549 1055 618 duo-

642 657 751 728 decim
774 660 942 746 principes
966 677 1024 746 ge-

642 771 773 840 nerauit
796 779 830 842 ot
846 789 971 858 ponam

570 889 571 894 ‘
641 899 719 950 eum
744 885 777 954 in
800 893 935 971 pentem
958 903 1048 969 mag-

642 1013 719 1064 nam
743 1005 776 1064 et
800 1005 983 1067 testamen·

641 1113 714 1174 tum
737 1123 850 1182 meum
873 1112 1016 1176 statuam

642 1235 720 1286 oum
743 1217 811 1286 isac
834 1231 936 1303 quem
958 1217 1044 1302 pari·

640 1336 674 1396 et
699 1329 758 1398 tihi
782 1347 874 1400 sarra
897 1348 1016 1400 secun·

644 1441 725 1510 dum
748 1448 881 1529 tempus
905 1445 969 1514 hoo
993 1445 1026 1512 in

644 1572 732 1622 anno
756 1556 923 1628 ueniente·

621 1669 661 1734 Et
685 1671 929 1740 consummauit
952 1672 1003 1740 lo-

642 1798 748 1866 quens
771 1783 943 1869 cumipse
966 1791 1001 1851 et

643 1895 793 1963 ascendit
816 1896 899 1966 deus
923 1897 965 1966 ab
988 1898 1082 1965 ahra-

643 2007 719 2074 ham
742 2015 776 2076 et
798 2009 876 2078 lecit
898 2011 1056 2080 ahraham

644 2121 936 2204 quemammodum
961 2122 1008 2216 di-

644 2232 691 2299 xit
715 2231 763 2298 illi
787 2231 870 2300 deus
893 2239 928 2300 et
950 2233 1077 2316 accepit

645 2345 759 2412 ismael
784 2343 890 2412 filium
912 2363 1011 2413 suum

645 2463 678 2523 et
702 2473 819 2525 omnes
843 2457 992 2528 domina

645 2575 697 2634 tos
721 2585 800 2658 spos
825 2575 858 2638 et
882 2571 1002 2656 empti-

645 2679 714 2746 oios
738 2698 975 2766 omnemxergo

644 2793 829 2860 masculum
853 2795 886 2860 in
910 2794 1011 2862 domo

645 2921 704 2970 sua
729 2903 934 2973 circumcidit
957 2923 1088 2974 carneae

564 3067 570 3079 .
644 3015 808 3100 praeputii
830 3016 981 3102 ipsorum

645 3128 678 3194 in
703 3129 760 3196 illo
781 3136 945 3216 tempore·

624 3243 664 3308 Et
687 3241 892 3312 circumcidit
916 3259 953 3310 se

539 3386 544 3398 ·
645 3353 799 3422 ahraham
823 3356 856 3422 in
880 3356 934 3423 illa
958 3355 1013 3425 die

646 3473 678 3534 et
702 3469 889 3536 dominatos
914 3487 994 3538 suos

646 3587 678 3646 et
703 3582 905 3650 domesticos
929 3601 1010 3650 suos

647 3701 679 3757 et
703 3694 876 3777 empticius
901 3695 1000 3762 etiam

647 3802 788 3870 delitiis
813 3805 929 3872 alienis
953 3806 1016 3872 cir-
1046 3813 1058 3834 ²

647 3913 803 3981 rumcidit
826 3915 964 3983 omneis·

625 4031 710 4094 llaec
734 4026 787 4094 lex
811 4027 844 4094 in
867 4027 1023 4096 omnihus

648 4138 914 4221 generationibus
936 4157 1011 4208 sae·

648 4251 711 4316 ouh
736 4259 768 4318 et
792 4269 859 4320 non
882 4259 934 4320 ost
957 4270 1051 4338 prae-

648 4365 747 4432 terire
772 4365 860 4434 diem
882 4385 987 4434 unum

648 4495 687 4542 ex
712 4476 828 4544 diebus
852 4477 971 4561 quihus
995 4495 1093 4562 prae-

650 4595 781 4672 ceptum
805 4595 856 4656 est
878 4595 985 4656 aeter-

648 4717 727 4766 num
751 4701 943 4770 mandatum
967 4709 1001 4770 et

648 4813 1016 4898 mmmmmm

648 4926 734 4992 hulis
758 4927 839 4994 caeli
862 4933 900 4994 ut
920 4928 1031 4994 omnis

647 5043 743 5103 iratus
769 5037 1006 5122 cuiuscumque

648 5170 714 5216 non
737 5149 837 5217 hierit
860 5150 1002 5218 eircum-

648 5264 715 5329 cisa
739 5280 816 5330 caro
841 5264 1004 5348 praeputii

648 5374 849 5459 elususque
874 5374 908 5442 in
930 5374 1020 5442 diem
1046 5395 1103 5444 oc-

579 5481 990 5552 'mmmmm

650 5601 848 5664 testamento
870 5595 962 5680 quod
1011 5592 1014 5600 '

1529 545 1581 612 liis
1604 543 1853 612 exterminatio-

1528 673 1588 724 nes
1613 661 1664 724 est
1688 656 1887 740 etamplius

1526 785 1594 836 non
1617 775 1670 836 est
1693 784 1795 853 super
1818 785 1895 834 ourn

1528 880 1659 966 signum
1683 885 1720 948 ut
1744 879 1787 948 sit
1810 879 1874 946 deo
1901 881 1959 946 sed

1527 992 1715 1062 exterminii
1739 999 1773 1060 et
1796 1009 1873 1076 per-

1526 1105 1661 1174 ditionis
1685 1124 1702 1174 a
1728 1111 1816 1174 terra
1841 1123 1925 1190 quo-

1403 1218 1405 1237 *
1527 1219 1615 1288 niam
1641 1225 1877 1288 testamentum

1528 1331 1653 1400 domini
1678 1330 1731 1398 dei
1755 1330 1862 1398 nostri
1887 1329 2058 1413 dissipauit
2105 1307 2120 1322 ’

1529 1443 1685 1528 quoniam
1709 1443 1818 1510 omnis
1842 1461 1898 1510 an-

1528 1555 1906 1640 mmmmm

1528 1686 1588 1738 nes
1611 1668 1800 1754 archangeli
1823 1670 1881 1738 he-

1525 1781 1723 1849 nedictionis
1747 1799 1765 1847 a
1789 1781 1907 1849 diehus

1526 1901 1696 1964 creaturae
1720 1896 1870 1981 ipsorum

1482 2101 1485 2106 Ι
1527 2023 1640 2074 coram
1663 2006 1859 2091 angelorum

1528 2119 1683 2186 uultuum
1708 2126 1741 2186 et
1764 2119 1902 2202 angelo-

1528 2250 1603 2300 rum
1627 2231 1860 2302 sanctificatio-
1977 2259 1991 2274 κ

1526 2347 1578 2414 nis
1602 2343 1821 2414 sanctiticauit
1844 2343 1890 2410 is-

1526 2458 1632 2526 trahel
1655 2465 1694 2526 ut
1717 2465 1807 2526 esset
1830 2457 1873 2524 si-

1526 2571 1594 2640 mul
1620 2569 1793 2654 cumipse
1817 2575 1850 2635 et
1874 2585 1950 2636 cum

1524 2682 1649 2768 angelis
1673 2687 1866 2750 sanctorum

1524 2793 1639 2880 ipsius·
1666 2795 1708 2860 Et
1732 2799 1770 2861 tu
1794 2793 1931 2860 demen-

1527 2906 1569 2974 da
1592 2906 1668 2974 tiliis
1693 2903 1830 2979 istrahel

1440 3071 1446 3084 .
1527 3025 1565 3086 ut
1589 3017 1777 3086 custodiant
1800 3023 1867 3084 tes

1526 3137 1710 3199 tomentum
1733 3129 1819 3214 signi

1525 3242 1623 3310 huius
1648 3241 1681 3308 in
1706 3241 1894 3326 generatio-

1528 3354 1625 3422 nihus
1649 3355 1719 3422 suis
1740 3353 1774 3420 in
1798 3359 1976 3422 testamen·

1528 3476 1599 3535 tum
1623 3474 1796 3534 aeternum
1819 3473 1853 3534 et

1528 3597 1594 3646 non
1620 3579 1888 3648 exterminabun-

1529 3701 1583 3760 tur
1607 3711 1625 3758 a
1649 3699 1737 3759 terra
1761 3690 1918 3776 quoniam

1528 3805 1676 3872 decreuit
1699 3803 1733 3870 in
1757 3804 1874 3872 deoro-

1529 3924 1562 3982 lo
1587 3915 1778 3983 testamenti
1802 3921 1840 3982 ut

1528 4009 1735 4094 custodiatur
1757 4026 1792 4094 in
1816 4044 1870 4094 ae-

1528 4149 1660 4206 ternum
1683 4155 1785 4224 super
1809 4155 1879 4206 om*

1531 4269 1590 4319 nes
1615 4250 1701 4318 lilios
1725 4249 1863 4318 istrahel

1529 4365 1685 4450 qnoniam
1709 4363 1824 4432 mmael
1848 4371 1883 4430 et

1528 4479 1613 4544 lllios
1638 4477 1710 4544 eius
1733 4483 1766 4544 et
1789 4478 1908 4544 lratres

1529 4591 1600 4658 eius
1625 4596 1658 4656 at
1681 4606 1762 4656 esau
1786 4606 1854 4656 non
1878 4588 1937 4656 ad-

1528 4701 1662 4786 plicuhit
1685 4699 1727 4766 ad
1751 4717 1787 4766 se
1811 4699 1894 4766 deus
1919 4705 1953 4766 et

1529 4834 1594 4882 non
1620 4813 1784 4898 elegitur
1808 4813 1890 4898 ipsis

1430 4985 1436 4996 .
1529 4926 1684 5010 quoniam
1708 4933 1742 4992 et
1765 4925 1829 5010 ipsi
1853 4941 1893 4992 an

1530 5038 1605 5104 tiliis
1630 5043 1708 5104 sunt
1732 5035 1889 5104 ahraham

1526 5151 1609 5218 siout
1634 5149 1791 5233 cognouit
1813 5165 1873 5218 eos

1528 5263 1585 5329 scd
1611 5263 1644 5329 in
1669 5259 1805 5328 istrahel
1828 5261 1898 5328 eie-

1530 5374 1575 5457 git
1600 5383 1635 5441 ut
1660 5373 1726 5466 sint
1748 5371 1780 5440 oi
1804 5372 1837 5442 in
1858 5389 1919 5457 po-

1531 5490 1644 5572 pulum
1669 5495 1702 5554 et
1726 5487 1868 5554 sanctiti-

1531 5603 1616 5668 cauit
1640 5619 1716 5668 eum
1739 5607 1773 5668 et
1796 5614 1893 5681 prae·
