4688 6420
1213 249 1427 324 -rrsa-
1529 187 1535 198 ⁹

306 425 308 432 v
352 477 358 492 ,
450 403 524 472 tum
542 397 633 488 capit
651 395 789 472 auditus
808 395 943 472 aurium
970 389 1109 470 tuarum
1135 393 1269 470 audire.

450 514 543 612 ”siu
555 525 649 598 enirn
667 523 763 598 inisti
776 523 899 598 beatus
912 541 997 616 prae
1009 525 1139 608 moltis,
1156 529 1192 596 et
1204 541 1269 597 uo·

448 653 656 734 monteses
676 650 768 744 apud
794 649 1011 724 ditissimum
1037 651 1128 724 sicut
1153 649 1268 742 pann.

449 769 480 816 ‘⁸
492 781 599 855 Nocte
617 786 731 852 autem
751 779 901 853 crastina
918 777 1075 852 manebis
1095 777 1169 852 bic:
1192 769 1222 814 ⁵⁹
1237 782 1274 852 et

450 907 611 982 ostendet
624 908 685 982 tibi
695 909 894 982 ditissimus
907 907 1079 981 visionem
1094 905 1273 980 revelatio·
1300 889 1310 906 ’

448 1051 546 1119 num,
566 1053 654 1128 quas
673 1035 776 1110 iaciet
791 1035 992 1108 ditissimus
1018 1031 1272 1106 habitatoribus

448 1161 615 1237 terracin
634 1161 837 1235 novissimis
855 1161 992 1234 diebus.
1021 1149 1104 1232 ⁸⁰Et
1121 1159 1270 1233 dormivi

448 1287 518 1363 iliic
535 1295 674 1362 uocum
693 1287 807 1371 aliam,
827 1287 918 1361 sicut
935 1287 1113 1377 praecepit
1131 1285 1230 1362 mibi.

501 1415 560 1500 xi,
580 1405 656 1486 tut
680 1415 747 1488 init
763 1415 800 1488 in
819 1420 920 1488 nocte
943 1412 1110 1496 secunda,
1128 1411 1201 1486 vidi
1218 1411 1271 1486 vi·

449 1545 599 1626 sionem,
615 1550 649 1616 et
663 1559 744 1616 ecce
758 1541 970 1616 ascendebat
983 1539 1027 1614 de
1041 1541 1130 1613 mari
1143 1541 1270 1631 aquilla,

449 1687 574 1774 mappa
592 1669 630 1742 in
648 1669 889 1760 magnitudine
905 1685 969 1742 sua
987 1667 1100 1750 vdua,
1119 1673 1156 1740 et
1173 1671 1272 1740 erant

450 1797 482 1871 ei
497 1797 683 1872 duodecim
702 1799 825 1871 alaeet
838 1798 949 1888 capita
962 1797 1040 1869 tria.
1059 1785 1120 1868 ’iit
1137 1793 1221 1879 ridi,
1236 1800 1273 1868 et

450 1942 535 2000 eece
550 1923 771 2017 expandebat
789 1925 861 1996 alas
884 1941 967 1996 suas
986 1923 1024 2003 in
1042 1939 1182 1995 ornnem
1201 1925 1270 1994 ter·

449 2069 535 2134 ram,
551 2057 586 2125 et
604 2069 728 2126 onmes
747 2051 841 2124 venti
860 2032 946 2123 caeti
964 2047 1101 2122 adeam
1120 2045 1274 2122 insuffla·

381 2257 384 2265 ,
447 2177 545 2261 bant,
565 2183 600 2250 et
617 2175 731 2250 nubes
750 2177 795 2249 ad
813 2193 890 2250 eam
909 2175 1173 2266 coltigebantur.
1201 2164 1286 2246 'ut

449 2303 520 2376 vidi
548 2303 592 2376 de
623 2305 687 2377 atis
714 2303 789 2393 eius
817 2301 914 2395 qnod
933 2281 1172 2376 ¹nascebantur
1198 2302 1273 2374 alae

355 2489 358 2496 ,
450 2431 605 2504 minutae
623 2437 658 2504 et
676 2431 786 2503 exiles
805 2437 840 2504 et
862 2423 1031 2504 modicae.
1051 2419 1197 2522 ‘capita
1214 2447 1274 2504 au·

449 2561 519 2628 tem
547 2555 623 2647 ejus
650 2555 896 2650 quiescebant,
924 2561 1028 2646 caput
1055 2560 1170 2630 autem
1197 2571 1271 2628 me-

451 2685 548 2758 dium
572 2685 684 2776 majus
711 2691 784 2760 erat
810 2686 898 2770 otiis,
919 2691 1148 2758 veruntamen
1166 2684 1272 2758 etiam

449 2814 566 2906 ipsum
595 2813 798 2906 quiescebat
824 2831 904 2887 cum
922 2814 999 2888 eis:
1014 2803 1029 2848 ⁸
1042 2813 1088 2885 ut
1112 2811 1182 2886 ridi
1198 2831 1219 2896 ,·
1237 2817 1273 2886 et

450 2959 533 3014 ecce
568 2941 684 3032 aquila
715 2941 893 3032 praecepit
919 2939 984 3013 alis
1010 2939 1112 3022 suis,
1140 2945 1180 3012 ut
1206 2937 1270 3011 do·

331 3169 334 3172 ι
450 3069 666 3142 minarentur
696 3068 880 3142 universae
916 3075 1029 3140 terrae
1066 3073 1101 3140 et
1136 3063 1271 3174 babita-

214 3237 222 3255 «
311 3261 314 3268 ,
364 3267 373 3288 p
448 3201 564 3267 torum
593 3192 686 3284 ejus:
708 3185 776 3266 'bt
800 3191 885 3276 vidi,
905 3191 1083 3285 quomam
1110 3191 1272 3282 subjicie-

449 3319 578 3395 bantur
603 3319 635 3393 ei
654 3319 770 3393 omnia
789 3337 878 3412 quae
905 3319 973 3395 sub
992 3321 1100 3404 caetu,
1123 3325 1158 3393 et
1183 3317 1272 3392 nibil

449 3428 634 3521 resistebat
652 3449 685 3521 ei
703 3447 748 3520 de
766 3449 933 3522 creaturis
958 3465 1047 3540 quae
1065 3463 1174 3538 super
1200 3453 1272 3519 ter·
1291 3497 1297 3504 .

450 3593 537 3648 ram.
570 3563 646 3647 'Et
670 3573 767 3658 vidi,
796 3581 831 3648 et
858 3591 941 3648 ecce
966 3573 1120 3647 surrexit
1154 3571 1270 3664 equita

450 3719 558 3794 super
583 3713 721 3793 unques
744 3707 897 3785 suaset
922 3699 1039 3775 emisit
1055 3715 1178 3774 vocem
1205 3699 1271 3772 alis

450 3830 537 3914 suis,
566 3835 602 3902 et
627 3827 720 3902 dixit
741 3827 814 3912 eis,
841 3828 911 3912 lte,
940 3827 1168 3902 dominamini
1194 3826 1272 3900 uni·

368 3947 369 3952 ‘
450 3975 574 4031 versae
591 3961 719 4041 terrae;
739 3973 834 4028 nunc
852 3962 969 4030 autem
988 3954 1179 4047 quiescitea
1206 3943 1272 4028 ⁸et

450 4083 559 4157 notite
584 4083 728 4174 vigilare
754 4099 877 4156 omnes
895 4081 1011 4165 simui,
1031 4079 1097 4155 sed
1122 4079 1272 4178 dormite

450 4227 682 4303 unaquaeque
700 4215 856 4282 restrum
881 4209 919 4282 in
945 4209 1024 4283 loco
1047 4227 1126 4293 suo,
1146 4215 1182 4283 et
1206 4225 1272 4301 per

450 4349 590 4432 tempus
615 4337 815 4430 vigilamus.
843 4329 857 4374 ⁹
872 4339 990 4431 Capita
1008 4345 1124 4412 antam
1142 4336 1188 4410 ad
1204 4353 1269 4410 no·

450 4467 633 4541 tissimum
653 4473 848 4541 serrantur.

486 4576 535 4660 .¹⁰
551 4595 594 4666 bt
619 4593 705 4680 ridi,
724 4593 819 4686 qnod
845 4611 914 4667 uox
947 4593 1023 4685 ejus
1050 4599 1122 4666 nob
1153 4591 1272 4666 exibat

449 4717 507 4798 det
514 4723 684 4816 capitibus
702 4721 799 4814 ejus,
827 4721 893 4796 sed
911 4721 956 4795 tie
974 4719 1091 4796 medio
1110 4719 1268 4812 corporis

451 4851 539 4943 ejus.
568 4841 645 4926 “ut
662 4849 841 4924 numerari
860 4848 1016 4924 modicas
1033 4847 1105 4922 aias
1123 4847 1213 4960 ejus,
1233 4851 1270 4920 et

446 4975 549 5069 'ipsae
567 4995 709 5072 queque
726 4981 825 5052 eraut
843 4983 934 5050 octo.

378 5121 381 5128 ’
503 5097 532 5144 '¹
546 5107 588 5180 ut
604 5107 687 5190 ridi,
708 5109 744 5180 et
759 5123 844 5180 ecee
861 5123 882 5178 a
899 5103 1043 5178 deroso
1058 5096 1169 5176 tatere
1185 5119 1266 5176 sur·

450 5233 543 5308 rexit
566 5251 636 5310 uua
663 5233 727 5317 ala,
747 5237 784 5306 et
800 5231 977 5305 dominata
994 5235 1048 5303 est
1065 5247 1172 5320 super
1190 5245 1265 5301 om·

449 5379 533 5434 nem
559 5367 699 5435 terram.
732 5350 762 5396 ¹³
789 5361 832 5433 iit
856 5357 939 5462 ridi
955 5357 1037 5449 quia
1063 5357 1159 5431 venit
1185 5356 1267 5430 fluis

451 5487 540 5582 ejus,
559 5494 595 5562 et
610 5487 742 5562 interiit
753 5487 779 5572 ³,
806 5492 847 5560 ut
863 5503 937 5560 non
953 5489 1133 5579 appararet
1150 5500 1270 5580 neque

389 5603 395 5614 '
452 5615 550 5688 lorus
569 5613 656 5706 ejus.

503 5741 546 5830 Et
563 5741 646 5827 ridi,
665 5748 700 5818 et
715 5757 799 5822 ecce
826 5737 1004 5816 exurrexit
1021 5737 1073 5814 ata
1099 5737 1267 5823 secunda,

1367 395 1403 469 ot
1419 393 1595 471 dominata
1622 401 1676 472 est
1691 385 1737 472 ‘at
1761 396 1838 490 ipsa
1864 395 2050 474 universae
2073 401 2187 474 terrae

1366 523 1514 596 multum
1541 529 1692 616 tempus.
1728 515 1759 560 ¹⁸
1784 521 1829 598 nt
1853 525 1983 600 iactamr
2019 531 2074 602 est
2104 533 2186 602 cum

1366 629 1542 724 dominata
1569 659 1683 736 esset,
1712 654 1807 728 veuit
1830 653 1914 729 bnis
1941 655 2038 748 ejus,
2066 661 2106 730 nt
2129 655 2184 730 iu·

1366 777 1487 852 teriret
1503 779 1595 854 sicut
1610 781 1722 872 prior.

1394 894 1449 945 '²⁵
1466 905 1509 978 et
1536 923 1630 990 οοοο,
1649 923 1718 979 vox
1737 905 1854 980 summ
1878 911 1935 980 est
1959 905 2021 991 iiii,
2048 903 2187 982 dicens:

1367 1019 1517 1115 ”suot
1546 1037 1585 1104 to
1611 1049 1651 1106 es
1669 1051 1760 1125 quae
1777 1039 1854 1106 toto
1869 1039 2027 1126 tempore
2043 1035 2112 1110 isto
2130 1041 2184 1110 te·

1356 1159 1474 1232 vunisti
1500 1161 1657 1232 terram:
1682 1159 1771 1234 baec
1797 1161 2018 1234 annunciatio
2046 1179 2186 1236 annun·

1367 1285 1453 1360 ciata
1478 1292 1536 1359 'est
1552 1293 1739 1378 antequam
1757 1275 1921 1361 imareas.
1944 1277 1973 1324 ¹⁷
1987 1287 2120 1362 Nemo·
2138 1305 2183 1364 ex

1357 1413 1410 1488 iis
1430 1413 1492 1505 qni
1518 1419 1600 1504 pust
1623 1417 1660 1486 ie
1677 1413 1812 1488 tenebit
1835 1413 1928 1488 sicut
1948 1413 2043 1488 istud
2072 1419 2183 1488 totum

1365 1547 1518 1632 tempus,
1536 1561 1652 1634 neque
1671 1543 1762 1615 sicut
1779 1539 1964 1616 dimidium
1981 1541 2070 1632 ejus.
2099 1531 2186 1614 'iiii

1365 1667 1449 1752 ridi,
1469 1675 1505 1743 et
1521 1687 1604 1744 soce
1629 1670 1783 1744 surrexit
1800 1670 1853 1742 aia
1878 1670 1991 1753 tertia,
2010 1675 2045 1743 et
2069 1669 2184 1744 domi·

1365 1803 1445 1886 nata
1463 1803 1518 1870 est
1535 1797 1638 1870 etiam
1656 1797 1732 1887 ipsa
1751 1797 1843 1870 sicut
1860 1795 1977 1870 seciae
1995 1813 2081 1870 suae
2094 1797 2186 1887 prio·

1366 1941 1425 1998 res
1443 1941 1552 2016 snper
1568 1925 1767 1998 nniversam
1788 1927 1931 1996 terram:
1951 1929 1987 1996 et
2003 1923 2134 1998 interiit
2151 1929 2187 1998 et

1365 2051 1445 2142 ipsa
1469 2052 1561 2126 sicut
1586 2053 1736 2144 priores.
1764 2039 1793 2085 ¹⁹
1810 2049 1854 2122 iit
1879 2047 2185 2142 sicnontingebat

1367 2175 1532 2254 omnibus
1549 2178 1614 2252 aiis
1631 2177 1834 2270 singulatim
1848 2177 2035 2260 dominari,
2049 2182 2087 2250 et
2103 2177 2186 2250 item

1366 2301 1522 2377 interire.
1782 2288 1785 2294 ’
2043 2363 2051 2378 .

1398 2421 1450 2476 ·¹⁰
1468 2431 1512 2506 bt
1526 2429 1610 2515 ridi,
1631 2435 1667 2504 et
1684 2447 1766 2505 ecce
1783 2429 1821 2506 in
1840 2436 1999 2522 tempore
2017 2432 2093 2506 stae
2109 2449 2186 2522 mo-

1366 2556 1465 2632 dicae
1492 2558 1596 2630 eoam
1623 2557 1723 2648 ipsae
1748 2562 2014 2632 surrexerunta
2040 2557 2188 2634 uestem

1366 2685 1487 2768 latere,
1514 2689 1553 2758 nt
1578 2689 1738 2758 tenerent
1756 2691 1904 2758 terram:
1933 2689 1968 2758 et
1990 2677 2039 2758 ‘ex
2065 2681 2110 2758 iis
2136 2677 2187 2758 te·

1366 2811 1508 2894 nebant,
1527 2810 1591 2884 sed
1609 2817 1727 2884 tamen
1745 2811 1860 2892 statim
1879 2809 2078 2886 interibant.
2101 2801 2131 2848 ¹¹
2147 2811 2190 2886 st

1367 2958 1411 3014 ex
1438 2940 1490 3013 eis
1517 2939 1719 3031 surgebant,
1739 2939 1805 3014 sed
1830 2943 1903 3014 non
1932 2939 2099 3014 tenebant
2123 2941 2187 3016 dn

1366 3067 1547 3140 minatum.
1574 3057 1604 3104 ¹¹
1623 3067 1666 3140 iit
1691 3067 1761 3140 vidi
1789 3071 1872 3158 post
1895 3066 2003 3152 meo,
2030 3073 2065 3140 et
2098 3068 2187 3142 dun-

1366 3191 1481 3267 decim
1505 3194 1582 3267 aiae
1601 3193 1678 3284 ejus
1704 3193 1933 3278 interierunt,
1962 3201 1996 3268 et
2023 3193 2115 3270 duae
2136 3211 2188 3271 er

1365 3321 1430 3395 alis
1461 3321 1637 3394 modieis:
1675 3311 1707 3356 ¹²
1735 3327 1770 3396 et
1806 3320 1895 3424 nibil
1930 3321 2104 3410 superfuit
2140 3321 2187 3396 de

1364 3453 1512 3541 corpore
1539 3449 1703 3540 aquiiae,
1736 3448 1806 3521 nisi
1837 3449 1954 3522 sotum
1983 3443 2048 3521 tria
2075 3449 2188 3539 captu

1364 3593 1454 3668 quae
1482 3575 1713 3668 quiescebant
1737 3581 1772 3649 et
1808 3590 1874 3650 sen
1899 3574 1975 3648 atae
2010 3573 2185 3648 modicae.

1363 3693 1451 3776 ’‘ttt
1476 3703 1560 3786 ridi,
1588 3707 1624 3778 et
1649 3719 1732 3776 eece
1759 3701 1919 3794 deipsis
1946 3701 2010 3774 alis
2038 3699 2187 3776 modom

1364 3831 1501 3906 divisae·
1523 3837 1606 3904 suut
1623 3830 1714 3904 duae
1740 3831 1826 3914 aiae,
1847 3836 1884 3902 et
1909 3829 2027 3902 ierunt
2053 3834 2089 3902 et
2114 3833 2187 3904 ste·

1362 3965 1482 4033 terunt
1505 3958 1573 4032 snb
1592 3957 1703 4050 capite
1722 3955 1818 4048 quod
1837 3956 1875 4028 in
1893 3955 2039 4028 dertmo
2057 3954 2186 4039 laterna

1364 4091 1527 4178 quattuor
1552 4089 1668 4158 autem
1698 4087 1905 4156 manserunt
1930 4081 1968 4156 in
1999 4079 2077 4156 loco
2105 4097 2184 4155 suo.

1362 4202 1445 4284 ”nt
1461 4209 1544 4294 ridi,
1564 4215 1601 4284 et
1616 4225 1699 4284 ecce
1725 4209 1806 4282 ittae
1822 4214 1985 4300 quattuor
2010 4209 2086 4306 ntae
2108 4225 2185 4282 no·

1363 4337 1461 4412 dicae
1482 4337 1679 4430 mettabant
1695 4353 1852 4428 surpere,
1871 4341 1908 4410 at
1932 4341 2053 4408 tancre
2070 4333 2185 4408 domt-

1362 4473 1494 4539 uatum.
1522 4454 1553 4500 ¹⁶
1570 4464 1613 4538 ut
1638 4463 1722 4550 ridi,
1752 4469 1787 4538 et
1813 4479 1896 4538 eece
1920 4463 2075 4536 surrexit
2100 4479 2184 4546 uua.

1362 4591 1428 4668 sed
1457 4593 1573 4667 stadm
1598 4593 1740 4666 interiit.
1767 4577 1796 4628 ¹⁷
1814 4591 1858 4664 m
1889 4591 1973 4664 item
2000 4587 2183 4672 secunda,

1361 4720 1425 4795 sed
1451 4725 1487 4794 et
1512 4719 1589 4812 ipsa
1606 4719 1736 4794 interiit
1752 4719 1920 4800 retusius,
1940 4733 2048 4808 qnam
2071 4717 2181 4808 prior.

1361 4837 1393 4884 ¹⁸
1418 4836 1462 4920 nt
1498 4845 1589 4930 ridi,
1617 4851 1652 4920 et
1677 4861 1760 4920 ecce
1788 4845 1868 4920 ittae
1900 4845 1992 4920 dnae
2019 4861 2113 4938 quae
2136 4858 2184 4918 ex

1361 4975 1406 5048 iis
1433 4971 1681 5064 superfuerunt
1698 4972 1933 5064 copbbanta
1960 4991 2000 5046 so
2022 4979 2056 5048 et
2082 4973 2183 5065 ipsas

1362 5105 1484 5173 tenere
1500 5099 1745 5191 principatum
1773 5087 1804 5136 ¹⁹
1818 5097 1868 5172 ut
1892 5097 1978 5174 dum
1995 5099 2096 5192 ipsae
2121 5115 2181 5173 cn·

1362 5227 1512 5319 pitaram
1544 5225 1718 5300 &minari
1743 5241 1868 5317 saper
1899 5231 2054 5307 terram.
2080 5226 2182 5310 ridi,

1362 5361 1399 5428 at
1438 5373 1522 5428 ecee
1556 5371 1667 5428 ouum
1704 5353 1857 5444 capitum
1893 5369 1983 5448 quae
2019 5351 2180 5444 quiesce·

1360 5481 1470 5568 bant,
1499 5481 1654 5568 medium
1681 5481 1879 5574 admavit,
1916 5482 2033 5572 ipsum
2064 5483 2181 5554 autem

1361 5611 1474 5703 majus
1501 5617 1575 5688 erat
1600 5611 1739 5686 duobus
1757 5609 1929 5701 capitibus
1956 5607 2077 5684 aliis·
2079 5659 2179 5684 .....

1362 5727 2120 5830 dnesmnn.·³¹ttcnmduobusqnaacuu
2137 5747 2183 5810 eo
2333 5791 2334 5800 ο
