4690 6406
494 419 606 484 tudo.
620 419 660 486 ut
683 417 840 506 adgressa
864 426 915 488 est
938 435 1015 488 enm

489 531 619 598 xxxix
644 537 677 600 et
701 531 809 600 tenuit
830 549 906 599 eum
931 531 1017 600 intre

645 643 782 716 domurn
801 651 838 712 ut
862 644 984 712 iaceret

645 755 675 823 ei
699 753 768 827 uim
791 762 825 823 et
850 755 1010 823 dormiret

645 883 721 936 oum
744 884 782 936 ea
807 876 841 936 et
861 867 959 948 clusit
983 885 1036 936 os

644 982 689 1052 tie
712 981 833 1052 domus
857 990 891 1050 et
910 983 1051 1052 detinuit

641 1111 728 1166 eum·
754 1102 788 1164 et
811 1095 944 1164 demisit
968 1095 1016 1163 io

607 1247 613 1257 ,
640 1209 723 1296 seph
747 1208 945 1278 uestimenta
967 1227 1030 1278 sue

644 1327 678 1389 et
700 1319 853 1406 aperiens
870 1323 992 1390 ostium

642 1433 725 1534 rugit
749 1433 829 1501 ioris
853 1453 870 1500 a
896 1434 977 1502 tecte
1001 1434 1072 1504 eius

645 1551 679 1615 et
704 1544 788 1614 uidit
808 1545 929 1614 rnniier
952 1564 1037 1632 quo·

642 1658 730 1726 niam
754 1657 932 1726 contemsit
952 1676 1025 1727 eam

639 1770 777 1868 mentita¹
797 1779 848 1840 ost
869 1772 943 1840 uiro
967 1789 1030 1840 suo

636 1882 799 1952 aduersus
823 1884 953 1952 eumin
979 1901 1075 1954 onus

635 2007 759 2084 pentum
783 1996 908 2064 domini
934 1998 1006 2066 eius

639 2107 753 2178 dioens
777 2125 897 2178 seruus
922 2116 999 2179 tuus

637 2223 781 2292 hebreus
805 2223 868 2294 iste
894 2225 962 2294 uim
986 2224 1049 2293 mi·

636 2335 669 2404 hi
693 2336 830 2406 molitus
854 2346 906 2406 est
930 2339 1019 2408 tece-

638 2463 675 2514 re
699 2465 798 2534 quern
822 2450 982 2537 diligebas

638 2565 676 2626 ut
700 2561 744 2630 o'o
764 2563 863 2632 miret
887 2581 1018 2634 mecum

620 2675 661 2742 Et
685 2672 809 2744 tectum
833 2685 885 2746 est
908 2695 985 2746 cunt

624 2787 837 2876 ¹ttrrnttussem
862 2807 980 2858 uocem

633 2917 740 2970 mnam
767 2901 896 2986 fugiens
921 2903 1009 2972 iores

635 3011 821 3099 dereliquid
847 3015 1030 3084 uestimen-

545 3178 552 3190 .
639 3131 670 3195 tn
691 3144 751 3194 sue
776 3127 809 3194 in
834 3127 987 3196 menibus

635 3233 972 3325 meispui....'.

635 3370 705 3422 rem
726 3370 765 3420 ex
791 3351 855 3420 imo
879 3355 911 3421 ei
935 3354 1039 3424 uesti-

636 3472 746 3532 menta
771 3484 831 3534 sue
856 3519 1002 3534 .....

611 3579 652 3646 ut
676 3577 759 3645 nidit
778 3579 951 3664 nep-ptius
974 3597 1052 3648 ues-

635 3689 771 3760 timenta
796 3691 913 3782 ioseph
937 3699 972 3762 et
1111 3677 1116 3694 ⁶

635 3803 757 3872 ostium
782 3803 922 3874 trucium

633 3922 668 3984 et
691 3915 818 3986 audiuit
841 3935 1031 3988 sermonem

634 4027 783 4098 mulieris
807 4047 888 4099 sune
913 4037 947 4098 et
971 4049 1030 4118 po

629 4140 697 4209 suit
720 4141 836 4230 ioseph
860 4143 894 4212 in
918 4144 1056 4216 domum

634 4252 881 4326 uinoututorum
905 4257 938 4326 in

632 4366 743 4434 iocum
766 4366 799 4435 in
822 4385 890 4454 uuo
914 4369 1041 4439 diuino·

632 4477 657 4547 ti
682 4493 778 4564 reges
801 4477 997 4548 detineban-

629 4598 695 4662 tur·
719 4599 753 4660 et
775 4600 847 4662 erat
866 4593 933 4663 iiiio
957 4593 990 4662 in

631 4705 763 4775 uineuin
780 4713 814 4776 ot
832 4707 924 4778 dedit
940 4707 979 4778 n-

631 4818 654 4887 ii
673 4819 828 4892 dominus
851 4821 993 4908 gretiam
1014 4821 1047 4892 in
1079 4841 1175 4894 oons·

631 4939 731 5018 peotu
750 4933 910 5022 principis
933 4953 1007 5005 oer-

632 5046 718 5115 oeris
743 5053 778 5116 et
800 5048 987 5118 misericor-

629 5159 717 5231 diam
740 5161 775 5230 in
798 5169 980 5249 oonspeotu

630 5274 702 5344 eius
726 5276 803 5362 quie
827 5259 911 5346 uidit
934 5277 1024 5364 quod

629 5387 785 5472 dominus
800 5395 873 5460 eret
888 5407 964 5461 oum
979 5407 1032 5460 eo·
1046 5397 1080 5460 et

539 5531 547 5546 ·
629 5501 740 5570 omnia
759 5520 845 5590 quae
867 5501 963 5572 ieoie

628 5611 685 5682 bet
703 5612 821 5700 ioseph
841 5615 925 5686 deus
947 5617 1029 5687 diri-

628 5727 735 5814 gonat-
760 5733 795 5798 ot
818 5727 894 5800 ideo
916 5727 1009 5801 dedit

1232 238 1420 302 ..pp-

1381 421 1497 486 tnta.
1531 418 1686 490 uniuersa
1710 421 1743 489 in
1767 439 1886 492 manus

1534 532 1617 601 eius·
1642 535 1683 602 Et
1706 551 1773 602 non
1798 541 1869 602 erat

1532 646 1642 716 sciens
1665 648 1819 734 princeps
1844 665 1914 717 oer-

1535 757 1620 828 oeris
1644 759 1824 846 quidquem
1849 778 1905 829 eo

1532 887 1606 938 rurn
1630 888 1715 956 quae
1739 871 1846 940 nonan
1871 871 1905 940 in

1531 999 1662 1052 eernere
1686 983 1762 1068 quia
1786 984 1919 1054 uniuer-

1531 1111 1565 1162 sa
1590 1111 1627 1162 ea
1652 1095 1775 1162 taciens
1795 1101 1866 1163 eret
1889 1097 1940 1164 io·

1528 1207 1611 1294 seph
1635 1215 1669 1277 et
1693 1209 1848 1278 dominus
1872 1209 2033 1298 dirigebat

1530 1335 1568 1387 ea
1593 1327 1627 1388 et
1651 1328 1721 1389 eret
1745 1322 1812 1391 iitro
1835 1323 1929 1392 ennis

1529 1429 1672 1502 duobus·

1505 1544 1951 1632 mmmmmm

1530 1664 1584 1726 tus
1609 1661 1774 1726 estserae
1800 1677 1858 1728 rex
1882 1677 1939 1728 ae·

1529 1772 1617 1857 gypti
1641 1789 1743 1856 super
1766 1773 1851 1842 duos
1874 1790 1934 1842 eu·

1528 1883 1657 1952 nuohos
1681 1902 1761 1952 suos
1785 1885 1872 1954 idest

1525 2013 1627 2082 super
1650 1996 1852 2066 uinitusores
1929 2043 1937 2056 ι

1528 2115 1561 2176 et
1585 2127 1687 2194 super
1711 2109 1895 2196 principem

1511 2205 1690 2306 'pistorum
1714 2230 1748 2290 et
1771 2223 1885 2308 posuit

1525 2351 1585 2404 eos
1610 2335 1642 2402 in
1668 2353 1835 2405 carcerem
1859 2333 1892 2403 in

1523 2447 1660 2516 domum
1684 2448 1844 2535 principis

1522 2576 1679 2628 cooorum
1702 2560 1736 2628 in
1762 2558 1906 2628 uinouta·

1524 2671 1609 2739 torio
1635 2673 1667 2740 in
1693 2691 1760 2760 quo
1785 2683 1819 2742 et
1842 2674 1890 2744 io·

1521 2785 1602 2871 sepit
1629 2787 1805 2856 renouatur
1828 2795 1862 2874 et

1519 2897 1632 2984 posuit
1655 2899 1811 2986 princeps
1834 2899 1906 2968 uin-

1524 3011 1676 3080 eutorum
1700 3012 1818 3099 ioseph
1844 3083 1857 3108 ,

1425 3177 1431 3189 .
1518 3132 1555 3192 ut
1579 3125 1783 3194 ministraret
1805 3126 1854 3196 eis

1519 3245 1553 3308 et
1576 3239 1786 3310 ministrabat
1810 3240 1844 3308 in
1869 3257 1969 3312 oons-

1519 3359 1618 3436 peotu
1643 3371 1760 3422 eorum

1499 3465 1541 3531 Et
1565 3466 1820 3534 somniauerunt
1842 3466 1893 3534 ui·

1516 3575 1544 3644 ri
1569 3577 1711 3646 somnio·
1737 3577 1893 3663 princeps

1514 3689 1747 3758 uinttusorum·
1771 3697 1806 3758 et
1829 3689 1921 3776 prin-

1493 3815 1496 3823 ⁴
1515 3821 1593 3892 ceps
1617 3805 1792 3891 pistorum·
1815 3813 1850 3875 ot
1865 3805 1918 3874 in-

1513 3918 1709 3989 dieeuorunt
1732 3938 1770 3989 ee
1796 3919 1914 4007 ioseph

1513 4038 1547 4100 et
1570 4031 1853 4118 quemadmodum

1513 4147 1769 4231 interpraetatus
1793 4152 1845 4220 eet

1512 4258 1578 4328 iilis
1602 4259 1718 4346 ioseph
1742 4259 1790 4328 sio
1811 4247 1857 4325 est
1877 4259 1923 4326 eir

1513 4373 1702 4442 etinctum·
1729 4373 1913 4460 prinoipem

1499 4467 1736 4554 uinitusorum
1762 4487 1851 4554 farno

1514 4598 1661 4668 restituit
1685 4598 1718 4667 in
1744 4599 1854 4667 iocum

1512 4730 1610 4781 suum
1634 4719 1668 4780 et
1691 4711 1867 4798 principem

1514 4823 1676 4911 pistorum
1701 4841 1842 4909 suspen·

1514 4935 1562 5004 dit
1585 4936 1672 5004 siout
1694 4936 1725 5004 ei
1750 4935 1833 5006 dixit
1856 4937 1909 5004 io-

1510 5049 1593 5136 seph
1617 5053 1659 5118 ut
1682 5067 1750 5120 non
1774 5048 1838 5118 init
1860 5065 1930 5119 me-
1990 5067 1995 5074 ·

1514 5180 1588 5232 mor
1611 5158 1766 5250 princeps
1791 5162 1874 5232 uini·

1513 5277 1664 5346 tusorum
1687 5275 1807 5364 ioseph
1830 5278 1863 5346 in

1513 5389 1735 5460 uincuietorio
1758 5407 1834 5460 oum
1870 5407 1872 5412 ·

1508 5503 1686 5574 indicasset
1709 5503 1756 5573 itti
1780 5519 1883 5590 quee-

1509 5634 1651 5704 oumque
1673 5616 1845 5687 uenissent
1869 5621 1901 5686 oi

1511 5737 1545 5800 et
1567 5749 1635 5800 non
1657 5731 1722 5802 tuit
1745 5747 1878 5803 memor
