4690 6406
420 57 518 126 terim
549 57 582 124 io
608 59 807 144 Fragmento
839 56 945 142 primo
970 73 987 123 a
1012 59 1142 142 Peyron
1166 55 1245 126 dato

422 190 452 255 p.
473 173 579 239 lat-l
597 170 656 238 bas
676 171 773 255 exple
797 170 931 238 lacunas
955 187 996 237 ex
1021 169 1094 256 ipso
1112 169 1245 252 Codice,

420 301 502 368 quas
526 283 575 351 vir
598 284 811 354 doctissimus
836 291 869 354 et
892 285 926 353 in
951 284 1101 370 legendis
1124 285 1251 378 Palim-¹

420 397 542 480 psestis
566 397 808 468 versatissimus
825 397 958 484 reliquit
974 415 1015 466 ex
1032 415 1072 466 eo
1097 397 1185 484 quod
1202 413 1243 466 ex

422 509 598 578 occasione
626 517 754 578 tantum
778 517 812 578 et
844 509 933 579 brevi
963 527 1064 595 opera
1089 509 1246 578 codicem

420 621 624 690 tractaverit:
657 622 682 688 ·l.
716 625 841 702 laneo,
870 621 892 688 l.
920 621 1244 708 recognocens,

421 735 441 802 l.
464 735 544 804 atie
572 735 651 802 mibi
673 745 702 802 ct
724 736 864 802 osmlorc
887 753 936 800 mc
958 745 1040 800 autc.

466 847 533 916 Sed
555 848 732 916 redeamus
756 849 796 916 ad
822 850 1056 932 Fragmentum
1081 855 1246 918 nostrum.

421 967 570 1043 Quatunr
601 967 732 1028 constat
762 961 849 1028 loliis
879 961 1016 1028 coniuse
1045 959 1242 1046 compactis,

421 1075 619 1150 habentibus
644 1075 677 1141 in
702 1091 832 1160 quaque
857 1073 974 1158 pagina
994 1073 1161 1159 duplicem
1185 1089 1242 1142 ce-

421 1189 586 1269 lnmnam,
611 1194 644 1255 et
665 1187 805 1254 inomni
826 1186 979 1254 columna
1003 1185 1106 1254 lineas
1130 1185 1244 1271 viginti

422 1319 490 1370 sex.
515 1301 724 1368 Membraoae
748 1297 991 1366 eteouioribus
1014 1305 1111 1380 sunt,
1136 1295 1246 1366 candi·

422 1412 577 1480 dissimae
601 1409 698 1494 olim,
724 1429 812 1479 nunc
835 1411 1016 1497 plurimum
1033 1410 1188 1492 iniectae,
1213 1417 1246 1479 et

422 1527 455 1594 in
472 1525 632 1594 hodierna
649 1523 838 1594 conditione
855 1529 933 1609 post
945 1521 1150 1595 resectiones
1163 1521 1248 1590 altae
1274 1609 1276 1616 Ι

422 1645 501 1706 sunt
524 1639 568 1706 23
593 1637 737 1720 centim,
770 1637 855 1704 latae
879 1637 924 1704 20
956 1636 1103 1705 cautim:
1138 1641 1248 1704 textus

422 1751 508 1818 altus
532 1755 584 1817 est
610 1751 652 1818 ld
676 1748 825 1832 cautim,
857 1755 892 1816 et
915 1721 1066 1834 quaeq'ue
1095 1747 1248 1816 columna

423 1864 486 1930 lata
511 1867 530 1930 7
556 1863 688 1932 centim.
714 1862 813 1948 paulo
839 1863 925 1947 plue.
950 1862 1080 1930 Folium
1112 1862 1248 1930 tertium

424 1977 455 2042 in
472 1973 583 2042 medio
600 1975 746 2042 lacerum
770 1980 840 2055 est,
865 1973 954 2042 uode
971 1974 1106 2044 lacunae
1122 1974 1247 2044 baben·

422 2095 477 2154 tur
493 2086 526 2153 in
543 2093 686 2171 quatuor
702 2087 880 2170 columnis,
906 2104 988 2174 quas
1005 2088 1077 2174 ipse
1098 2086 1249 2173 supplevi

423 2201 519 2288 spatii
544 2209 578 2268 et
600 2193 815 2286 reliquiarum
831 2217 962 2276 „vocum
986 2201 1096 2270 habita
1122 2201 1250 2269 ratione

424 2322 457 2382 et
488 2331 575 2383 unco
600 2313 748 2382 indicans
777 2315 834 2382 ubi
867 2315 981 2382 lacuna
1014 2314 1166 2400 incipiat,
1198 2311 1250 2380 vel

425 2445 491 2513 quo
515 2443 552 2495 se
576 2427 742 2495 extendat.
768 2431 803 2496 ln
821 2427 900 2496 lolio
917 2435 1036 2514 quarto
1057 2436 1168 2495 autem
1192 2443 1252 2496 sex

315 2559 318 2564 ·
425 2541 530 2608 lineae
555 2539 595 2608 ab
611 2538 696 2606 inira
712 2547 860 2607 resectae
877 2541 1021 2608 luerunt.
1043 2541 1192 2626 lienique
1218 2541 1250 2608 in

425 2652 504 2721 lolio
529 2651 628 2720 tertio
653 2669 750 2720 verso
774 2653 807 2718 io
833 2651 938 2737 prima
963 2651 1115 2720 columna
1137 2653 1250 2720 literae

425 2766 746 2846 succensuerunt,
771 2771 808 2832 ut
825 2781 953 2832 summa
970 2763 1162 2834 difficultate
1179 2765 1250 2834 erui

294 2907 296 2912 ¹
427 2879 575 2964 possint,
608 2895 669 2946 nec
694 2883 803 2946 tameo
829 2895 964 2960 omnes,
997 2885 1030 2946 et
1053 2879 1186 2959 corsivo,
1213 2886 1251 2946 ut

426 2995 536 3078 aiunt,
565 2991 753 3060 charactere
779 2993 854 3061 dedi
879 3009 960 3078 quas
985 2991 1056 3077 ipse
1081 2992 1250 3078 supplevi,

426 3104 522 3190 spatii
539 3122 673 3191 semper
688 3106 798 3174 babitu
815 3105 953 3175 ratione.
979 3105 1151 3174 Difficilior
1170 3123 1253 3190 qno·

426 3236 490 3306 que
514 3219 602 3287 lectu
626 3226 677 3286 est
694 3219 796 3286 altera
814 3219 978 3302 columna,
997 3220 1049 3287 cui
1067 3219 1252 3288 chemicum

426 3330 614 3400 subsidium
637 3331 822 3400 adhibitum
846 3331 909 3400 init
940 3331 1041 3414 olim,
1079 3333 1167 3400 unde
1200 3351 1252 3400 ar-

427 3443 539 3528 guitur
561 3441 645 3510 alios
669 3459 802 3528 quoque
826 3444 1035 3512 membranas
1056 3445 1252 3530 inspexisse.

427 3553 518 3622 Adeo
535 3553 625 3621 enim
641 3553 799 3639 nigrescit
814 3555 1017 3638 membrana,
1034 3565 1068 3625 et
1084 3557 1255 3627 literarum

427 3669 547 3737 ductus
572 3675 651 3736 sunt
675 3668 719 3737 ita
736 3669 883 3752 contusi,
908 3677 946 3737 nt
969 3671 1102 3740 nonnisi
1124 3687 1255 3739 summo

429 3779 519 3860 sole,
552 3785 586 3848 et
615 3786 707 3848 textu
732 3797 850 3865 graeco
876 3790 909 3850 et
940 3781 1012 3851 aliis
1040 3781 1150 3851 latinis
1173 3787 1254 3852 Ver·

428 3891 578 3961 sionibus
610 3891 680 3961 sive
712 3894 973 3964 liecensionibus
1004 3897 1037 3963 in
1070 3896 1257 3966 subsidium

428 4006 564 4086 vocatis,
589 4006 680 4092 quod
700 4013 733 4073 et
750 4007 783 4073 in
800 4007 903 4092 priori
920 4009 1073 4076 columna
1090 4007 1256 4078 interdum

428 4119 551 4186 iactum
586 4101 659 4202 es't,
700 4119 855 4205 colligere
891 4120 1058 4204 potuerim
1091 4121 1256 4206 fugientes

428 4233 558 4324 duetus.
584 4234 674 4314 Quae
698 4231 769 4316 ipse
794 4231 945 4318 supplevi
978 4232 1093 4301 eadem
1128 4235 1255 4302 ratione

430 4363 467 4413 ac
491 4345 524 4412 in
548 4344 654 4430 prima
679 4345 851 4430 columna,
875 4347 999 4415 corsivo
1031 4349 1110 4416 item
1144 4348 1256 4416 chara-

431 4463 521 4526 ctere
544 4457 636 4540 dedi,
660 4465 694 4527 et
717 4459 890 4528 dubitandi
915 4467 1028 4530 notam
1045 4478 1178 4547 semper
1200 4477 1257 4546 ap-

433 4569 541 4655 posui,
569 4569 626 4638 ubi
649 4571 729 4640 mibi
755 4579 845 4640 certa
870 4571 968 4640 lectio
985 4589 1052 4640 non
1077 4574 1257 4659 apparebat

431 4683 628 4767 apendice,
660 4703 744 4771 quae
767 4693 846 4752 nota
871 4693 982 4752 tamen
1006 4686 1062 4754 uni
1087 4687 1175 4768 voci,
1205 4686 1254 4753 vel

433 4795 522 4866 vocis
554 4799 640 4884 parti
670 4799 886 4881 retrahenda,
919 4815 1017 4885 quam
1041 4801 1140 4868 etiam
1164 4803 1258 4875 uncis

432 4909 545 4980 clausi.
569 4915 606 4980 ln
631 4913 751 4983 ceteris
774 4913 975 4982 membranis
1004 4931 1147 5002 quoque,
1173 4935 1256 5006 quae

412 5065 416 5074 -
433 5023 465 5090 in
482 5023 592 5110 aliquo
609 5024 776 5110 deficiant,
793 5028 912 5096 eodem
928 5029 1051 5096 mesico
1067 5029 1252 5136 charactere

434 5135 509 5205 dedi
533 5137 679 5223 singulas
700 5140 811 5210 literas
835 5141 1015 5227 suppletas,
1037 5157 1120 5224 quae
1143 5151 1227 5255 tarne

434 5265 525 5316 rarae
549 5257 638 5316 sunt.

478 5362 515 5428 lu
538 5361 648 5430 trente
671 5363 807 5448 paginae
831 5373 937 5436 rectae
959 5365 993 5434 io
1023 5363 1167 5460 medice

435 5473 523 5558 pbon
548 5473 723 5560 apponitur
746 5475 894 5556 lucanum,
914 5489 1031 5549 versae
1049 5473 1117 5554 item
1132 5517 1166 5582 ge

1170 5421 1239 5558 0ιῦΝ

1165 5549 1237 5716 ‘hg

1336 55 1420 139 dea,
1433 51 1600 124 interdum
1619 73 1686 124 una
1701 55 1844 130 alterave
1860 54 1956 123 litera
1971 57 2005 123 in
2022 56 2087 126 line
2103 57 2163 126 de-

1338 173 1521 236 curtatum:
1545 167 1637 237 brevi
1660 166 1868 254 simplicique
1889 167 2165 238 omatu‘circum-

1339 281 1527 368 cinguntur,
1544 279 1715 368 literisque
1732 287 1844 350 textus
1857 281 1916 350 sed
1928 281 2163 352 minutioribus

1339 395 1539 466 scribuntur.
2086 423 2089 432 ’

1384 508 1562 578 character
1585 507 1723 577 uncialis
1748 515 1817 590 est,
1841 507 1983 582 maxime
1999 505 2062 574 sibi
2086 525 2164 576 con·
2290 527 2297 540 ·

1337 630 1448 706 stans,
1472 617 1537 690 uisi
1560 622 1649 708 quod
1673 621 1840 690 interdurn
1861 620 1901 688 ad
1926 619 2032 688 lineae
2056 627 2164 690 extre-

1337 735 1486 803 mitatem
1509 733 1726 818 contrabitur,
1747 733 1799 802 vel
1823 733 1923 801 etiam
1946 733 2058 802 literas
2082 751 2163 802 non-

1336 841 1444 928 nullas
1461 863 1627 915 connexas
1643 845 1753 928 babet,
1770 851 1808 912 ut
1823 863 1876 925 nn,
1893 855 1943 924 nt,
1955 844 2073 926 el,rrm,
2092 865 2160 924 urvc,

1335 951 1459 1043 cutm,
1471 961 1704 1029 cotoneum
1716 957 1887 1028 declinatis
1900 964 1952 1026 est
1964 975 2096 1043 semper
2103 959 2160 1037 its,

1335 1063 1403 1151 ihu,
1428 1070 1507 1151 itm,
1532 1069 1653 1140 lineola
1676 1070 1916 1156 superscripta,
1945 1069 2162 1156 similiterque

1335 1183 1386 1264 ds,
1411 1183 1459 1264 dt,
1484 1184 1533 1264 do,
1554 1183 1621 1266 dm,
1638 1189 1672 1250 et
1687 1181 1768 1264 dno,
1786 1181 1865 1264 dmi,
1883 1182 1965 1263 don,
1982 1183 2069 1264 dona
2094 1184 2162 1250 doe

1338 1313 1398 1384 pro
1421 1297 1496 1363 dere
1519 1303 1553 1364 et
1575 1295 1719 1362 doninus
1743 1311 1819 1363 cum
1834 1294 2000 1364 derivatis.
2023 1296 2163 1363 ctrnrm

1339 1414 1391 1477 est
1413 1426 1473 1475 crs
1496 1407 1617 1476 lineola
1636 1407 1717 1476 item
1733 1407 1970 1494 superscripta,
1987 1425 2050 1494 qna
2067 1409 2167 1476 etiam

1340 1523 1528 1592 indicantur
1549 1541 1583 1590 m
1606 1530 1640 1592 et
1663 1541 1686 1590 o
1708 1523 1742 1590 in
1766 1521 1832 1591 fine
1848 1521 1965 1591 lineae.
1982 1524 2053 1608 Ego
2077 1539 2165 1592 sem-

1341 1653 1402 1723 per
1426 1636 1553 1722 integre
1578 1635 1707 1722 scripsi.

1386 1751 1423 1818 ln
1454 1749 1629 1836 pericopas
1656 1750 1732 1836 plus
1756 1749 1867 1820 minus
1891 1749 2060 1836 longiores
2084 1749 2166 1816 divi-

1342 1863 1431 1934 ditur
1448 1869 1573 1946 textus,
1597 1861 1640 1930 ad
1656 1879 1738 1948 quas
1755 1863 1841 1932 linea
1857 1861 2041 1930 resumitur
2056 1867 2090 1928 et
2109 1859 2170 1928 ini-

1342 1977 1429 2046 tialis
1453 1976 1547 2044 litera
1564 1977 1633 2045 lere
1649 1981 1719 2044 tota
1736 1981 1829 2044 extra
1846 1973 1998 2044 ordinem
2014 1980 2049 2043 et
2069 1973 2170 2059 paulo

1341 2091 1461 2176 major,
1477 2089 1538 2158 sed
1561 2089 1677 2158 eadem
1697 2089 1802 2156 iorma
1819 2105 1857 2156 ac
1873 2095 2003 2156 ceterae
2027 2105 2170 2173 usurpa·

1344 2211 1409 2284 tur,
1434 2219 1518 2288 quae
1543 2200 1644 2269 etiam
1667 2201 1810 2270 recurrit
1834 2217 1933 2287 saepe
1958 2201 2052 2270 initio
2076 2202 2170 2270 colu-

1344 2331 1516 2400 mnarum,
1549 2313 1609 2383 sed
1633 2331 1701 2382 non
1725 2321 1866 2384 retracta
1890 2324 1984 2384 extra
2008 2313 2170 2384 ordinem.

1343 2431 1419 2514 lpse
1443 2443 1576 2514 quoque
1601 2426 1641 2495 iis
1665 2427 1699 2494 in
1722 2427 1806 2496 locis
1822 2429 1966 2516 majores
1983 2429 2097 2497 literas
2121 2445 2173 2495 as-

1343 2543 1448 2612 sumsi
1472 2549 1570 2611 etex
1595 2541 1711 2610 ordine
1732 2541 1912 2623 linearum,
1938 2547 1974 2608 ut
1998 2540 2032 2608 in
2049 2537 2171 2608 Codice

1343 2657 1460 2740 nebat,
1486 2655 1660 2724 summovi.

1390 2771 1496 2838 Voces
1524 2766 1719 2853 saepissime
1750 2783 1815 2834 una
1848 2764 1943 2833 alteri
1972 2764 2170 2833 adbaerent.

1346 2883 1417 2950 sine
1434 2881 1648 2950 distinctione
1664 2880 1818 2966 scriptae,
1835 2877 2002 2946 interdum
2018 2875 2109 2945 brevi
2125 2875 2174 2943 in·

1347 2993 1483 3063 tervallo
1500 2992 1745 3079 disiunguntur,
1759 3009 1882 3060 casune
1894 3009 1935 3059 an
1952 2997 2034 3072 arte,
2047 2989 2170 3058 nescio.

1347 3108 1453 3192 Saepe
1478 3112 1555 3193 post
1579 3112 1741 3174 commata
1759 3105 1903 3191 spatium
1919 3121 2059 3174 vacuum
2075 3103 2175 3174 relin-

1315 3287 1320 3298 ,
1346 3219 1468 3308 quitur,
1493 3220 1583 3306 qnod
1607 3235 1683 3288 raro
1708 3235 1809 3287 unam
1832 3219 1902 3288 iere
1927 3219 2057 3288 literam
2074 3235 2173 3303 cape·

1347 3342 1407 3410 ret,
1433 3335 1516 3401 dnm
1541 3333 1648 3420 legem
1672 3330 1846 3401 certamin
1864 3331 1915 3398 his
1933 3347 1999 3398 non
2016 3329 2174 3398 viderim.

1347 3449 1417 3533 ipse
1443 3465 1541 3516 voces
1565 3463 1683 3514 omnes
1702 3443 1857 3526 distinxi,
1882 3459 1944 3511 nec
1960 3442 2058 3527 spatii
2076 3441 2177 3510 inter-

1347 3561 1426 3628 dum
1444 3559 1608 3645 interjecti
1625 3549 1789 3626 rationem
1805 3555 1923 3638 habui,
1949 3573 2025 3624 eum
2049 3555 2093 3624 de
2108 3563 2175 3624 tam

1346 3673 1438 3742 brevi
1461 3673 1647 3757 fragmento
1672 3677 1798 3755 agatur,
1816 3685 1877 3737 nec
1893 3669 1957 3736 arti
1978 3668 2112 3738 criticae
2134 3668 2175 3734 de

1347 3783 1538 3871 huiusmodi
1556 3784 1661 3869 pluris
1682 3783 1823 3850 intersit.
1841 3785 2022 3864 Punctum,
2046 3780 2104 3849 ubi
2122 3781 2177 3848 de-

1348 3897 1527 3986 prehendi,
1553 3896 1712 3981 apposui,
1737 3895 1798 3963 sed
1814 3893 2003 3963 rarissimus
2028 3901 2099 3975 est;
2124 3895 2174 3962 in-

1348 4011 1481 4080 terdum
1508 4025 1641 4095 quoque
1670 4007 1779 4094 potuit
1807 4005 1981 4076 evanuisse
2005 4023 2046 4074 ex
2071 4021 2175 4074 mem-

1347 4126 1526 4194 branarum
1550 4129 1732 4202 vetustate;
1766 4121 1826 4189 sed
1855 4128 1888 4189 et
1914 4121 1946 4188 in
1972 4117 2102 4205 paginis
2126 4119 2177 4184 in-

1348 4236 1451 4322 tegris
1467 4237 1553 4304 bene
1570 4233 1708 4304 servatis
1725 4251 1793 4301 non
1810 4234 1934 4318 reperi,
1960 4233 2017 4300 ubi
2034 4229 2177 4300 maxime

1349 4347 1567 4435 apponendus
1592 4347 1720 4415 luisset.

1393 4459 1600 4528 Membranas
1629 4459 1864 4528 Ambrosianas
1897 4459 2012 4528 seculo
2038 4461 2079 4528 Vl
2112 4478 2178 4555 non

1349 4583 1431 4661 puto
1455 4573 1679 4660 posteriores,
1703 4571 1845 4639 luctasse
1862 4572 1962 4640 etiam
1978 4573 2178 4640 vetustiores

1350 4695 1445 4766 suot;
1478 4685 1553 4754 data
1588 4688 1762 4755 occasione
1792 4687 1962 4772 specimen
1996 4685 2181 4770 scripturae

1351 4797 1526 4880 exhibebo,
1551 4813 1592 4866 ex
1616 4815 1683 4884 quo
1707 4797 1796 4867 docti
1817 4797 1980 4883 judicium
2004 4797 2122 4865 terent.

1398 4913 1513 4980 Cetera
1538 4927 1579 4978 cx
1603 4911 1673 4996 ipsa
1698 4911 1873 4996 fragmenti
1891 4911 2037 4982 editione
2057 4911 2181 4980 baben·

1353 5033 1417 5106 tur,
1441 5023 1475 5090 in
1499 5039 1563 5110 qua
1588 5024 1696 5092 omnia
1722 5041 1759 5091 ac
1783 5024 1853 5108 ipsa
1879 5023 2064 5109 sphalmata
2085 5039 2181 5091 accu-

1358 5147 1426 5209 rate
1449 5135 1564 5206 retuli:
1590 5137 1629 5202 ad
1653 5139 1862 5205 membranas
1880 5137 1968 5204 enim
1990 5137 2078 5221 ipsas
2104 5153 2182 5221 ope-

1362 5271 1414 5325 ras
1437 5249 1537 5319 semel
1561 5267 1598 5315 ac
1622 5251 1741 5318 iterum
1766 5249 1891 5317 contuli
1915 5248 2076 5317 solicitus.
2094 5249 2180 5316 llaec

1368 5367 1472 5448 solum
1494 5361 1694 5431 adnotanda:
1718 5365 1819 5444 ilvll,
1844 5365 2005 5447 tlpuncta
2021 5361 2183 5446 repreba-

1372 5479 1469 5562 tionis
1491 5481 1565 5542 nota
1589 5479 1621 5542 et
1644 5489 1749 5540 uncus
1764 5481 1987 5573 apponuntur
2002 5489 2102 5540 manu
2127 5491 2181 5540 se-
