4690 6406
466 391 529 458 tt‘t.
556 405 585 456 c.
632 383 761 456 mulieri
785 388 957 456 mercedem
1024 465 1031 480 ⁸

620 1078 653 1139 et
677 1068 808 1157 quando
833 1069 963 1154 comple
967 1120 1019 1134 .....

623 1235 833 1250 .......
859 1181 1016 1266 septima-

621 1315 662 1365 na
686 1348 830 1365 .....
856 1302 954 1363 erunt
978 1301 1011 1362 te

622 1412 654 1478 in
679 1409 799 1478 atrium
823 1409 932 1494 regale
956 1415 990 1476 et
1013 1425 1085 1476 eras

621 1547 662 1591 rc
688 1578 701 1610 ·,
722 1577 864 1592 .....
891 1523 991 1591 trium
1015 1522 1117 1608 septi-

620 1655 790 1705 manarum
814 1653 977 1704 annorum

622 1767 727 1835 usque
753 1749 785 1816 in
811 1756 942 1834 tempus
967 1765 1032 1834 quo

621 1861 1013 1946 mmmmmmffli

620 1983 652 2040 ot
678 1974 787 2042 uidisti
811 1973 997 2058 aegyptium

618 2087 791 2154 ferientem
815 2087 951 2154 tratrem
1057 2143 1061 2150 .

620 2207 714 2267 tuum
738 2203 771 2266 et
795 2198 988 2284 percussisti

622 2329 697 2378 curn
722 2317 755 2378 ct
778 2310 889 2396 {odisti
913 2310 947 2376 in
972 2316 1039 2378 ter-

621 2443 689 2492 rant
714 2432 746 2492 et
771 2423 974 2509 cooperuisti

623 2556 698 2608 curn
724 2537 761 2606 in·
777 2537 935 2606 harenam

579 2655 639 2718 ut
663 2651 806 2720 secunda
831 2649 884 2718 die
911 2649 1058 2716 inuenis-

623 2764 645 2831 ti
670 2751 754 2831 duos
781 2763 946 2847 litigantes
970 2779 1009 2828 ex

623 2877 698 2946 liliis
723 2876 857 2944 istrahel
883 2883 917 2944 et
941 2875 1012 2942 dir-

623 2989 677 3057 isti
701 2985 743 3058 ad
767 3005 843 3056 curn
867 2987 922 3073 qui
948 3005 1022 3072 per-

511 3103 537 3167 i.
629 3101 773 3168 cutiebat
796 3099 985 3186 proximum

623 3235 717 3283 suum
741 3233 842 3302 quare
863 3215 1010 3300 percutis

618 3328 753 3397 tratrem
778 3334 881 3396 tunm·
908 3335 941 3396 et
964 3327 1029 3395 ira-

622 3450 676 3509 tus
700 3450 751 3510 est
775 3441 808 3508 in
832 3440 1031 3525 indignatio-

621 3572 663 3622 ne
680 3607 694 3626 ..
723 3607 729 3621 .
757 3607 763 3620 .
790 3607 825 3621 ..
857 3553 939 3620 dixit
964 3552 1037 3639 quis
1063 3559 1094 3620 te

623 3665 795 3735 constituit
820 3665 1003 3752 principem

623 3786 679 3848 aut
703 3779 846 3848 iudicem
871 3795 972 3863 super
996 3795 1058 3846 nos

623 3891 786 3980 numquid
812 3889 964 3958 occidere

622 4023 675 4073 me
698 3989 750 4073 uis
774 4001 1053 4090 quemadmodum

624 4118 774 4187 occidisti
798 4118 940 4184 imterna
964 4114 1016 4182 die

626 4231 1064 4316 aegyptium....u..

623 4343 667 4410 tia
691 4350 830 4429 propter
854 4395 861 4410 .
888 4395 895 4409 .
922 4395 929 4408 .
954 4361 972 4408 o
997 4395 1003 4408 .
1031 4393 1038 4407 .
1065 4395 1071 4408 .
1097 4341 1182 4408 luico

467 4459 592 4526 xtvttl
608 4460 648 4526 Et
671 4455 943 4543 quadragensimo
965 4473 1023 4520 no-

626 4589 670 4638 no
695 4569 826 4638 iubcleo
851 4567 884 4636 in
910 4585 996 4634 anno

624 4691 719 4756 sexto
744 4683 1002 4770 septimanarum

527 4803 530 4810 ’
625 4797 713 4866 tertii
737 4795 834 4866 abisti
857 4802 891 4866 et
913 4794 1033 4864 inha.

624 4910 738 4979 bitosti
762 4909 795 4978 in
820 4915 943 4978 terram
967 4908 1056 4976 mad-

598 5065 735 5092 .....
759 5021 1017 5108 septimanarum

623 5134 768 5222 quinque
792 5141 826 5202 et
848 5149 972 5202 anuum
995 5150 1097 5206 unum

565 5233 639 5316 ‘Et
663 5244 959 5333 quinquagensimo
1107 5235 1115 5248 '

625 5359 757 5430 iuteleo
782 5359 813 5428 in
839 5359 997 5446 septima·

626 5491 745 5542 narum
768 5473 925 5543 secundo·
951 5473 984 5542 in

624 5603 712 5654 anno
737 5589 885 5656 secundo
908 5586 1014 5672 ipsius

626 5717 810 5768 conuersus
834 5717 872 5770 os
895 5699 928 5768 in
952 5707 1128 5786 aegyptum

1235 239 1276 250 -
1293 199 1346 272 ‘od
1374 241 1414 254 -·

1343 389 1396 452 tit.
1422 406 1453 452 u.
1503 393 1536 453 et
1561 387 1685 454 tuscis
1710 385 1782 473 ipse
1807 385 1863 473 qui
1898 385 1950 454 lo-

1503 505 1599 568 cutus
1623 508 1674 570 est
1698 507 1808 570 tecum

1503 615 1564 682 sub
1590 622 1703 684 moute
1728 615 1798 684 sina
1822 622 1856 684 et

1504 727 1582 812 quid
1606 729 1713 798 uoluit
1737 729 1847 798 lacero
1938 733 1948 752 ⁰

1381 895 1386 904 .
1503 848 1613 910 tecum
1637 844 1791 930 princeps
1816 862 1905 912 mas-

1410 1037 1413 1042 ·
1504 954 1582 1022 tima
1607 975 1683 1025 cum
1707 965 1857 1026 reuerte-

1503 1068 1586 1136 reris
1610 1069 1643 1136 in
1668 1077 1844 1156 aegyptum

1433 1237 1434 1242 ,
1463 1163 1481 1198 ’“
1504 1183 1535 1250 in
1560 1183 1613 1251 uia
1639 1184 1671 1252 in
1695 1203 1758 1271 qua
1783 1193 1914 1271 praete-

1502 1295 1573 1364 risti
1598 1315 1675 1365 eum
1698 1298 1731 1366 in
1756 1297 1911 1366 reiectio.-

1501 1427 1543 1477 ne
1567 1427 1678 1478 nonne
1702 1411 1736 1478 in
1761 1411 1851 1479 omni

1502 1522 1626 1589 uirtute
1651 1540 1710 1590 sua
1735 1524 1867 1608 quaesi-

1500 1635 1549 1701 uit
1573 1636 1758 1704 interlicere
1783 1644 1816 1706 te

1502 1755 1538 1814 ut
1563 1756 1718 1818 eruerent
1742 1767 1863 1836 aegyp-

1502 1861 1566 1929 tios
1590 1862 1631 1930 de
1655 1881 1755 1930 mauu
1780 1870 1835 1931 tua
1859 1863 1934 1949 quia

1501 1975 1585 2044 uidit
1608 1975 1763 2061 quoniam
1787 1977 1910 2046 missus

1503 2107 1538 2155 cs
1563 2088 1670 2158 lacere
1694 2089 1853 2158 iudicium

1502 2208 1535 2268 et
1558 2201 1727 2272 uindicare
1751 2201 1882 2270 uindic-

1503 2319 1568 2382 tam
1593 2314 1626 2382 in
1651 2315 1811 2402 aegyptiis
1836 2322 1870 2384 et

1503 2427 1574 2494 erui
1599 2434 1631 2495 te
1655 2429 1696 2496 de
1720 2447 1820 2497 manu
1844 2429 1936 2530 eiusx

1502 2545 1536 2607 et
1552 2525 1665 2608 'iecisti
1689 2541 1782 2626 signa
1807 2548 1841 2609 ct

1501 2651 1651 2738 prodigia
1675 2671 1902 2740 quaecumque

1448 2767 1452 2778 '
1501 2763 1623 2834 missus
1647 2783 1684 2834 es
1708 2766 1816 2834 iacere

1502 2875 1535 2942 in
1560 2885 1737 2962 aegyptum
1762 2884 1797 2946 et
1820 2877 1853 2944 in

1503 2991 1884 3060 mmmmmm-

1430 3157 1436 3169 .
1507 3122 1584 3172 nem
1609 3106 1745 3174 domum
1770 3107 1842 3176 eius

1503 3222 1536 3284 et
1560 3216 1594 3284 in
1619 3219 1709 3285 omni
1732 3218 1857 3304 populo
1882 3217 1954 3285 eius

1478 3331 1519 3395 Et
1543 3329 1619 3397 lecit
1643 3329 1726 3398 deus
1749 3331 1786 3398 in
1811 3349 1852 3416 pa
1856 3383 1909 3399 .....
1978 3373 1981 3380 «

1501 3442 1729 3512 defensionem
1753 3461 1845 3529 mag-

1499 3573 1575 3624 nam
1599 3573 1701 3641 super
1724 3555 1844 3623 israhel

1501 3675 1534 3734 et
1556 3685 1669 3752 percus
1692 3685 1752 3734 eos
1775 3665 1808 3732 in
1834 3683 1911 3732 san-

1502 3779 1635 3865 guinem
1659 3786 1693 3847 et
1717 3779 1750 3846 in
1775 3778 1864 3846 ranis

1502 3901 1534 3961 ct
1559 3892 1691 3978 scynilis
1715 3899 1748 3960 et
1772 3911 1858 3958 mao-

1422 4075 1426 4082 ,
1503 4025 1557 4074 cas
1581 4005 1712 4074 caninas
1735 4011 1769 4074 et
1793 4004 1826 4073 in
1850 4004 1926 4072 uul-

1501 4137 1581 4188 nere
1605 4119 1751 4204 pessimo
1776 4118 1866 4204 quod

1502 4237 1663 4299 erant......
1688 4249 1740 4299 a...
1764 4231 1863 4300 ic......

1391 4415 1394 4422 ,
1503 4351 1602 4412 uento
1627 4351 1660 4411 et
1683 4344 1717 4411 in
1740 4350 1849 4412 morte
1902 4384 1906 4396 ·

1503 4457 1692 4525 animalium
1717 4457 1866 4542 ipsorum

1498 4578 1531 4639 et
1555 4569 1718 4655 lapidibus
1742 4569 1910 4655 grandinis

1505 4681 1648 4768 perdidit
1672 4682 1829 4750 uniuersa
1953 4665 1959 4678 ⁰

1504 4795 1672 4862 nascentia
1696 4811 1813 4862 corum

1509 4915 1542 4975 et
1567 4905 1695 4974 lucusta
1718 4903 1858 4974 comedit

1505 5037 1589 5107 quae
1613 5007 1769 5087 derelicta
1793 5026 1886 5088 erant

1505 5134 1546 5201 de
1570 5131 1728 5219 grandine
1751 5138 1785 5200 et
1808 5132 1842 5200 in
1867 5137 1919 5199 tc·

1504 5246 1615 5316 neoris
1640 5241 1888 5331 primitiuoqum

1504 5362 1654 5447 ipsorum
1678 5359 1850 5428 hominum
1873 5365 1907 5426 et

1505 5473 1696 5542 animalium
1720 5480 1753 5542 et
1777 5472 1810 5540 in
1835 5487 1908 5539 orn-

1502 5586 1599 5654 nibus
1623 5586 1686 5654 diis
1710 5583 1937 5671 aegyptiorum

1503 5699 1580 5768 iecit
1605 5698 1759 5767 dominus
1784 5697 1962 5766 uindictam
