4594 6452
882 249 1083 324 -iei-

521 373 578 492 γ’.

121 634 213 700 ΠΕΡΙ
244 633 391 698 ΙΒΗΡΩΝ
422 639 490 694 ΚΑΙ
518 635 647 694 ΛΑΖΩΝ
678 637 747 692 ΚΑΙ
780 635 856 692 ΤΗΣ
890 633 942 692 EN

135 752 277 812 ΑΥΤΟΙΣ
292 747 551 808 immemor
565 749 681 808 Arm
700 739 933 808 remmom

166 990 260 1056 Κατά
283 981 318 1056 δὲ
339 989 392 1056 τόν
416 988 507 1055 αὑτόν
540 985 644 1078 χρόνον
666 988 719 1052 καί
748 996 777 1052 oi
806 987 877 1078 πρός
899 997 940 1074 τῇ

120 1103 205 1168 κατά
230 1101 343 1168 Πόντον
366 1113 407 1194 γῆ
426 1099 546 1192 Ἴβηρός
568 1125 604 1166 τε
626 1101 679 1166 καὶ
696 1093 789 1195 λαζοὶ
811 1101 864 1165 τόν
886 1109 941 1166 τοῦ

122 1225 199 1280 Θεοῦ
214 1205 358 1312 εδίξαντο
373 1213 475 1304 λόγον,
491 1213 593 1328 μὴεὓ
600 1211 657 1302 πρὸ
672 1188 780 1276 τοότου
795 1219 836 1287 είς
851 1211 942 1276 αὑτὸν

120 1327 363 1401 πεπιστευκότες.
389 1336 447 1391 Τοῦ
470 1316 505 1391 δὲ
528 1327 673 1417 μεγίστου
692 1321 815 1413 ἀγαθοῦ
833 1324 942 1388 τούτου

121 1441 206 1504 αίτία
230 1439 367 1510 κατίοι-η
385 1437 459 1530 γυνή
475 1461 521 1514 τις
535 1439 608 1527 παρ’
625 1420 731 1521 αὑ.1
745 1434 944 1526 αἰχμάλωτος

102 1545 207 1630 οὖσα,
229 1549 318 1640 ἄκρον
341 1541 376 1615 δί
396 1551 459 1632 βίον
482 1545 687 1638 μετιρχομίνη
709 1538 749 1610 δι’
765 1547 944 1636 ἐγκρατείας

121 1663 156 1726 τὲ
179 1663 231 1726 καὶ
246 1671 305 1731 τῶν
322 1659 425 1726 ἀλλων
440 1657 565 1749 ἀγαθῶν
580 1658 672 1749 ἔργων
691 1656 813 1732 πάντας
835 1655 961 1754 αὐτοὺς,

121 1779 161 1850 τίς
190 1773 331 1838 ίκστασιν
354 1766 436 1890 τχγεν.
459 1767 514 1846 Ὠς
544 1761 660 1841 δὲτὴν
691 1771 792 1834 αἰτίαν
824 1761 941 1834 διεπυν-

120 1885 246 1949 θάνοντο
260 1893 316 1958 τῆς
331 1883 482 1958 τοσαύτης
498 1889 593 1956 αὑτῆς
604 1879 770 1958 ἀσκήσεως,
786 1881 942 1952 ἁπλότητι

120 1995 175 2084 μὲν
196 2002 217 2066 ’λ
241 1996 317 2086 ἁγία
341 1996 437 2064 iusim
460 1994 535 2082 γυνὴ
558 1993 652 2084 λέγει,
668 1986 721 2059 διὰ
743 1993 874 2083 Χριστόν
888 1993 941 2058 τόν

121 2105 181 2170 υίὺν
203 2114 257 2170 τοῦ
281 2080 500 2187 ΘοῆψίΌὺδίνα
524 2104 625 2193 μίντοι
648 2109 684 2168 ὲκ
697 2104 807 2170 τοῦτου
829 2111 869 2181 είς
891 2107 940 2172 πί·

121 2239 186 2280 στιν
208 2217 307 2306 ίρερεν
329 2227 386 2291 τῆς
413 2218 579 2299 εὐσεβείας,
602 2209 773 2306 ἐθαύμαζον
797 2208 832 2282 δί
854 2216 943 2307 μόνον

120 2329 178 2400 τὴν
200 2341 351 2420 γυναῖκα,
374 2329 427 2394 καί
448 2339 494 2411 τῷ
523 2321 596 2410 (ive
626 2329 681 2411 βίῳ
713 2335 808 2404 αίντίίς
837 2327 941 2418 προσί-

119 2463 225 2530 χοντες
247 2439 351 2505 πολλὰ
375 2433 559 2530 ἀλογίζοντο.
583 2437 672 2505 ’ἀλλ’
695 2433 802 2510 ἐπειδὴ
826 2439 891 2516 ἔθος
906 2435 943 2512 ἦν

121 2555 237 2624 αὑτοῖς,
260 2551 340 2640 είπερ
363 2550 468 2622 νόιπιον
491 2545 573 2640 εἶχον
599 2547 737 2634 ἀσθενείᾳ
769 2551 942 2640 περιπεσόν,

120 2661 350 2754 περιτρόχοντας
373 2662 481 2738 αὐτοὺς
495 2662 566 2752 πρός
580 2661 649 2737 τοὺς
663 2662 822 2752 ίγχωρίους
842 2661 940 2728 ἅπαν·

120 2798 177 2850 τας
194 2773 361 2862 ,ίκάστοθεν
383 2767 557 2865 πορίζεσθαι
580 2767 735 2862 βοήθημα,
757 2773 865 2866 γίγονε
887 2765 939 2840 διά

120 2887 227 2952 τοότου
250 2883 499 2976 ίκπεριελθοὺσαν
520 2885 589 2950 τινά
612 2885 733 2961 πάντας
759 2884 856 2952 ἐλθεῖν
887 2887 940 2952 καὶ

121 2999 192 3089 πρὸς
209 2999 268 3070 τὴν
290 2997 498 3090 «enaiim.
513 2995 554 3062 'n
578 2989 613 3064 δι
634 2997 706 3088 ηραν
727 3007 767 3084 τῇ
781 2995 864 3106 eope
892 3008 939 3066 ιι-

120 3111 203 3198 τώση
224 3121 277 3176 σῦν
299 3121 352 3192 τῷ,
371 3101 522 3202 παιδαρίῳ
544 3121 583 3197 τῇ
607 3111 726 3202 γυναικί
755 3111 822 3200 ίφη·
846 3103 940 3178 Οὑδίν

120 3221 181 3313 εγὼ
203 3233 248 3306 τῷ
269 3217 421 3312 παιδαρίῳ
447 3213 614 3310 δυνήσομαι
638 3219 804 3304 βοηθῆσαι,
827 3223 880 3288 τόν
904 3216 939 3290 δὲ

121 3333 257 3422 Χριστόν,
280 3331 312 3398 θν
332 3341 398 3422 ὑμῖν
421 3327 503 3398 είπον
525 3333 695 3412 πολλάκις,
718 3327 788 3399 υίδα
811 3326 939 3402 δυνατόν

120 3439 194 3510 εἶναι
216 3446 269 3510 καί
289 3455 406 3535 νεκροὺς
435 3451 581 3522 ἀνιστάν,
604 3445 741 3522 καὶτοῖς
771 3453 938 3539 ἀπηγορει·

120 3555 216 3644 μόνοις
238 3549 416 3646 χαρίζεσθαι
436 3558 524 3622 ίασιν.
547 3553 588 3622 Ἠ
612 3548 647 3623 δὲ
669 3567 724 3623 τοῦ
745 3551 854 3635 παιδός
880 3559 938 3648 μίι-

120 3691 177 3756 τηρ
208 3666 383 3733 καθικίτευε
412 3668 470 3738 τὴν
500 3667 709 3758 αίχμάλινεον.
742 3669 819 3756 Τότε
847 3671 939 3751 οίκτιρ

121 3787 177 3854 τῆς
198 3771 340 3868 δεομίνης
362 3777 515 3850 κινηθεῖσα
530 3779 567 3844 τὸ
590 3779 695 3852 νήπιόν
709 3802 745 3845 τε
767 3789 812 3862 τῷ
834 3779 939 3862 σάκκῳ

121 3898 167 3972 τῷ
188 3895 299 3964 εαυτῆς
319 3891 536 3980 περιβαλοῦσα,
559 3883 782 3982 προσευξαμίνη
797 3901 843 3974 τῷ
863 3901 939 3974 Θεῷ,

121 3993 279 4066 ἀπίδωκεν
301 4003 376 4068 αὑτό
398 4013 439 4090 τῆ
463 4005 554 4094 μητρί
576 4005 663 4096 ὑγιίς.
688 3998 833 4096 Διόδραμε
849 3998 884 4071 ii
898 4013 939 4080 είς

121 4111 251 4188 πολλοὺς
271 4113 309 4178 τό
331 4113 497 4204 γενόμενον.
512 4115 566 4180 καί
587 4137 625 4206 γε
647 4115 719 4206 ἄχρι
741 4125 797 4191 τῆς
821 4117 940 4199 βασιλί-

120 4216 170 4298 δος
185 4221 323 4313 όρθασεν,
338 4225 405 4300 ἥτις
427 4223 588 4291 κατάκεισο
611 4217 770 4316 βαρυτάτη
787 4225 863 4310 νόσῳ
881 4251 936 4294 κα·

119 4335 279 4426 τεχομίνη·
302 4337 355 4402 καί
377 4336 436 4428 γάρ
460 4337 563 4428 χρόνον
592 4337 694 4403 ίκανόν
721 4335 937 4416 ἀσθενήσααα,

118 4449 248 4524 ἀνιάτως
270 4443 335 4538 είχε
357 4449 462 4514 λοιπόν
484 4449 526 4514 τό
549 4450 615 4538 περί
628 4459 685 4524 τῆς
707 4446 866 4538 φθασίισης
885 4455 936 4516 αὑ·

120 4559 177 4632 τὴν
191 4559 420 4650 χαλεπωτάτης
434 4559 529 4625 νόσου.
545 4551 639 4636 Ἀξιοῦ
660 4559 714 4650 μίν
729 4553 778 4625 οὖν
793 4561 851 4632 τὴν
867 4567 936 4652 αίχ·

118 4669 262 4759 μάλοντον
288 4673 503 4738 ἀποοτείλασα
526 4662 578 4736 διά
592 4681 652 4737 τῶν
667 4673 780 4738 οίκείων
794 4673 866 4764 πρός
885 4680 953 4742 αθ.

118 4783 176 4856 τὴν
201 4755 433 4876 παραγτνίσθαι.
448 4783 490 4850 Ἠ
505 4776 541 4855 ii
556 4777 616 4850 δίει
631 4787 684 4850 καί
699 4787 843 4868 εὐλαβείᾳ
863 4793 936 4852 ἀνα·

118 4897 193 4962 νεόει
214 4906 270 4962 τοῦ
295 4897 366 4988 πρός
387 4897 444 4968 τὴν
475 4887 621 4962 βασιλίδα
652 4889 817 4979 διαβῆναι,
839 4890 936 4962 είδυία

118 5007 171 5074 τόν
204 5013 240 5074 ίκ
272 5017 330 5084 τῆς
362 5007 545 5100 ἀνθρωπίνης
578 4999 668 5085 δόξης
700 5001 937 5100 παρεισδόνοντα

118 5117 247 5188 όλιοθον.
272 5121 327 5186 Διά
356 5143 404 5186 τοι
435 5129 526 5186 τοῦτο
557 5111 647 5210 ἀπρὶξ
680 5119 810 5211 ίχουσαν
841 5121 937 5194 αὑτὴν

118 5241 173 5298 τοὺ
195 5233 239 5320 μὴ
262 5231 358 5299 iiim
384 5239 546 5326 ἀπιγνοῦσα
576 5241 596 5305 ἡ
628 5225 792 5298 βασίλισσα
823 5233 937 5300 κελεόει

119 5341 171 5406 σόν
185 5351 230 5422 τῷ
251 5335 421 5432 σκιμποδίῳ
443 5345 514 5436 πρὸς
537 5345 633 5416 αὑτὴν
656 5343 847 5435 ἀπαχθῆναι.
862 5343 939 5410 'fle-

167 5545 245 5631 cap.
276 5549 314 5615 X.
357 5547 533 5632 socrates,
556 5549 592 5632 1,
617 5554 680 5631 ει,
714 5549 943 5633 sozomenus,

123 5657 173 5738 11,
197 5677 260 5740 νιι,
284 5657 508 5727 Τίιεοάυείευε
532 5659 568 5742 1,
592 5681 684 5744 ιιιν,
713 5659 941 5746 impietus,

124 5769 346 5854 V111‚m¹v‚
370 5769 530 5852 nummus,
555 5771 581 5856 1,

167 5881 178 5926 ¹
204 5881 363 5970 Sequitur
385 5879 419 5952 in
443 5881 558 5952 codiee
576 5935 602 5952 ..
622 5935 649 5952 ..
673 5891 728 5948 τοῦ
751 5871 940 5972 θεοδωρίτοις

1034 435 1113 487 τινος
1146 403 1357 494 δυσῳπηθεῖσα
1379 411 1437 484 τῆν
1466 413 1687 484 ταπείνωσινῆ
1716 411 1854 502 μακαρία

1032 523 1238 614 αἰχμάλωτος,
1253 525 1306 590 τὸν
1330 523 1421 590 αὑτόν
1442 525 1552 614 τρόπον
1575 527 1781 617 περιβαλοῦσα
1796 527 1855 597 τὴν

1034 627 1179 718 βασιλίδα
1202 645 1247 718 τῷ
1276 635 1396 718 σάκκῳ,
1420 621 1515 726 &We
1536 638 1607 730 γόνυ
1638 641 1769 706 κλίνασα
1798 639 1856 716 τὰς
1887 699 1893 708 .

1033 747 1126 837 εὑχάς
1148 758 1192 830 τῷ
1217 757 1284 830 Θεῷ
1306 749 1466 840 προσίρερε
1488 760 1528 838 τῆ
1559 750 1678 822 συνήθει
1708 751 1779 842 πρός
1800 751 1854 816 τόν

1029 860 1156 950 Χριστὸν
1180 866 1266 950 εὐχῇ,
1289 868 1359 951 ὑγιῆ
1375 852 1480 926 οίκοιδε
1494 862 1672 952 ἀποπέμπει
1688 864 1854 953 χαίρουσαν

1033 971 1086 1038 καί
1108 972 1306 1062 πορευομένην
1321 983 1383 1048 τοῖς
1397 975 1512 1049 οἰκείοις
1525 973 1607 1052 ποσί,
1621 973 1685 1039 νόον
1700 975 1754 1040 καί
1774 965 1855 1050 ξένον

1033 1083 1135 1174 θαῦμα
1159 1095 1221 1158 τοϊς
1244 1085 1388 1160 ὲντοπίοις
1410 1085 1628 1176 παρεχομένην,
1648 1096 1703 1152 τοῦ
1725 1097 1855 1176 Χριστοῦ

1032 1197 1090 1268 τἠν
1112 1195 1200 1288 χάριν
1223 1202 1438 1287 ὁμολογοῦσαν,
1454 1197 1553 1274 καθὼς
1567 1199 1652 1290 παρά
1667 1211 1724 1276 τῆς
1739 1207 1854 1291 αίχμα·

1032 1309 1131 1375 λόετου
1154 1308 1293 1400 γυναικός
1319 1301 1487 1400 ἐδιδάχθη,
1512 1321 1624 1400 τρανῶς
1645 1311 1681 1378 τί
1704 1313 1857 1405 ἀπεφθίγ-

1033 1445 1107 1513 γετο
1118 1421 1308 1512 πορευομένη·
1325 1413 1405 1498 Δόξα
1421 1445 1476 1501 σοι,
1487 1421 1606 1512 Χριστὲ,
1622 1423 1702 1512 φησί,
1718 1415 1856 1490 δίσποτα

1033 1542 1089 1608 τῆς
1112 1531 1322 1622 αἰχμαλώτου·
1336 1533 1383 1598 σοί
1406 1531 1501 1624 χάρις,
1524 1533 1577 1598 καὶ
1599 1535 1645 1598 σοὶ
1659 1544 1747 1600 πάσα
1770 1537 1856 1626 τιμὴ,

1033 1647 1136 1736 Σωτηρ
1147 1645 1556 1734 ῆμῦντιῦνείςσὲπιστεόειν
1567 1636 1744 1735 ἠξιωμένων·
1755 1643 1855 1712 Ἀλλά

1033 1757 1152 1840 καλοῦ
1174 1759 1289 1846 συμβίῳ
1311 1765 1423 1834 εαυτῆς
1449 1765 1468 1830 ῆ
1493 1751 1657 1824 βασίλισσα
1681 1749 1855 1852 διηγήσατο

1033 1868 1163 1953 ἕκαστα,
1187 1869 1367 1960 παρώρμησε
1390 1860 1425 1934 δὲ
1448 1869 1539 1936 αὑτόν
1562 1877 1603 1946 είς
1625 1873 1755 1960 ἀμοιβὴν
1771 1864 1855 1950 ἀξιό-

1032 1997 1139 2048 πιστον
1153 1979 1288 2070 χρήμασι
1305 1979 1490 2064 βουληθῆναι
1511 1979 1698 2072 ἀμείψασθαι
1712 1985 1769 2055 τὴν
1784 1994 1854 2076 αίχ-

1031 2091 1174 2182 μάλωτον
1189 2105 1245 2169 τῆς
1272 2095 1423 2184 εὑργεσίας
1443 2105 1500 2170 τῆς
1523 2101 1563 2170 είς
1585 2095 1643 2166 τὴν
1664 2089 1787 2187 σόμθιον
1804 2105 1856 2164 αὐ-

1033 2213 1088 2269 τοὺ
1109 2203 1206 2270 ἕνεκα.
1221 2202 1264 2270 'fl
1280 2197 1317 2271 δὲ
1339 2199 1503 2272 βασίλισσα
1526 2208 1597 2298 πρός
1620 2209 1711 2274 αὑτόν
1732 2210 1798 2300 ἔρη-
1814 2209 1856 2277 '11

1034 2315 1231 2408 αἰχμάλωτος
1265 2319 1369 2398 αὕτη,
1401 2313 1427 2384 ὦ
1458 2321 1604 2406 βασιλεῦ,
1635 2327 1688 2386 οὑκ
1717 2322 1856 2414 όρίγεται

993 2477 997 2484 .
1034 2431 1191 2522 ἀργυρίου,
1215 2431 1284 2497 οὔτε
1314 2433 1432 2522 χρυσίον
1462 2441 1669 2521 περιποιεῖται·
1698 2424 1789 2524 δῶρον
1820 2430 1855 2501 δὲ

985 2546 993 2562 ”
1034 2549 1161 2610 ἀπαιτεῖ
1185 2547 1259 2635 παρ’
1282 2552 1366 2634 ἡμῶν
1394 2537 1575 2634 ἀξιόχρεων,
1597 2544 1634 2609 τό
1657 2545 1746 2634 μόνον
1773 2554 1855 2636 ἡμᾶς

1031 2664 1190 2722 πιστεῦσαι
1212 2657 1260 2720 ότι
1282 2664 1299 2720 ό
1322 2655 1449 2748 Χριστός
1470 2657 1530 2732 υίός
1551 2663 1616 2722 ίστι
1630 2665 1685 2722 τοῦ
1709 2667 1786 2724 θεοῦ
1801 2669 1855 2724 τοῦ

1031 2761 1161 2854 ὑψίστου·
1177 2764 1233 2832 Ἧι
1255 2767 1313 2860 γάρ
1329 2776 1346 2832 ό
1361 2777 1423 2844 πάς
1446 2769 1508 2850 βίος
1522 2769 1648 2840 νηστεία
1671 2771 1724 2834 καί
1746 2771 1854 2862 ἐγκρά-

1030 2899 1109 2956 τεια,
1122 2879 1256 2967 περιττοί
1272 2877 1414 2970 θησαυροί
1428 2881 1548 2970 χρυσίου
1563 2882 1616 2945 καί
1639 2859 1784 2974 ἀργυρίου·
1801 2887 1854 2950 καὶ

1031 2989 1090 3082 γάρ
1113 2991 1318 3082 ἀπεπειράθην
1340 3003 1395 3068 τῆς
1418 2994 1561 3076 εὐσεβοῦς.
1585 2994 1706 3066 Τάλεθῆ
1728 2987 1852 3088 διηγοῦ-

1029 3101 1087 3191 μαί
1101 3125 1157 3180 σοι,
1171 3097 1196 3168 ὦ
1210 3097 1343 3170 θασιλεὺ.
1359 3101 1448 3170 Ἀλλ’
1464 3108 1492 3170 εἴ
1504 3129 1562 3198 μου
1576 3105 1661 3196 παρά
1676 3107 1722 3172 σοί
1737 3111 1853 3199 φροντίς

1030 3219 1094 3280 ίστι
1109 3201 1264 3306 σωτηρίας,
1280 3211 1476 3306 ἀμειψόμεθα
1491 3217 1659 3306 καινότερον
1674 3218 1732 3289 τὴν
1746 3230 1853 3309 γυναῐ-

1028 3349 1079 3404 κα,
1090 3325 1143 3392 τόν
1157 3327 1284 3418 Χριστόν
1300 3333 1395 3404 αὑτῆς
1408 3320 1650 3419 παραδεχόμενοι
1665 3337 1706 3406 είς
1721 3331 1852 3422 προσαό·

1028 3461 1120 3526 νησιν.
1143 3435 1183 3504 '0
1207 3401 1338 3528 *ime
1358 3439 1548 3530 ὀκνηρότερον
1571 3433 1700 3522 διετίθη,
1723 3446 1777 3510 καί
1805 3467 1853 3510 τοι

1029 3549 1179 3626 πολλάκις
1208 3553 1502 3642 ὑπομιμνησκόμενος
1528 3553 1603 3644 πρός
1625 3564 1683 3630 τῆς
1714 3565 1854 3646 γαμετῆς

1029 3661 1228 3754 ὑπερετίθετο,
1250 3664 1362 3729 ἀκλίιων
1384 3675 1453 3740 ταῖς
1474 3665 1667 3756 εὑαγγελίαις
1680 3665 1739 3736 τὴν
1764 3669 1851 3738 αίτη-

1029 3797 1094 3854 σιν,
1118 3777 1171 3841 καί
1201 3777 1301 3868 καιρόν
1323 3777 1485 3868 πρόσρορον
1515 3769 1645 3854 ίλπίίων
1671 3785 1755 3861 αὑτῷ
1785 3783 1855 3870 περὶ

1029 3887 1138 3954 τούτου
1160 3893 1324 3954 λυσιτελεῖν
1347 3889 1459 3980 ίλεγεν.
1487 3885 1530 3954 Ὅ
1554 3890 1608 3956 καί
1632 3888 1738 3982 γίγονε
1769 3891 1854 3956 κατὰ

1024 4000 1166 4092 πρόνοιαν
1190 4011 1267 4066 Θεοῦ
1288 4011 1343 4066 τοῦ
1366 3999 1504 4078 θίλοντυς
1532 4001 1652 4078 πάντας
1683 4001 1854 4096 ἀνθρώποις

1028 4111 1171 4198 σωθῆναι,
1188 4113 1240 4178 καί
1263 4120 1303 4190 είς
1325 4116 1481 4206 ἀπόγνωσιν
1504 4112 1650 4190 ἀληθείας
1672 4113 1776 4181 ίλθεῐν.
1799 4125 1851 4180 Συ·

1028 4218 1101 4296 viee
1117 4225 1176 4318 γάρ
1199 4223 1291 4290 αὑτόν
1313 4231 1344 4290 ἀν
1360 4222 1437 4316 θίιρᾳ
1457 4224 1679 4316 περισπώμενον
1693 4227 1760 4316 περί
1775 4225 1851 4298 ὑλην

1028 4337 1185 4403 κάταλσον
1201 4338 1254 4402 καί
1268 4328 1447 4408 βαθυτάτην
1463 4343 1494 4402 ἀν
1509 4335 1607 4426 ἡμίρς
1622 4335 1763 4428 σταθηρψ
1779 4345 1851 4402 ὑπο·

1028 4459 1137 4522 στῆναι
1160 4449 1256 4514 νὺκτα
1279 4439 1516 4540 ἀπροσδόκητον.
1535 4445 1639 4538 Ἀρνω
1661 4447 1720 4538 γάρ
1742 4453 1774 4512 ίν
1795 4471 1852 4538 με-

1028 4564 1160 4654 σημβρίᾳ
1176 4562 1260 4628 κατά
1280 4561 1382 4638 πάσης
1404 4571 1460 4638 τῆς
1475 4561 1548 4636 iim
1562 4557 1723 4651 περιεχόθη
1745 4561 1853 4636 σκότος

1028 4673 1202 4758 βαθότατυν
1226 4671 1297 4740 ἔνθα
1327 4668 1365 4745 ἦν
1388 4681 1405 4738 ό
1428 4667 1576 4750 όασιλιός.
1600 4669 1655 4747 Ὠς
1685 4663 1720 4738 ii
1744 4673 1798 4738 καὶ
1825 4681 1853 4738 τί

1023 4785 1162 4862 ,συνόντες
1177 4792 1260 4868 αὑτῷ
1274 4779 1352 4872 τῇδε
1374 4791 1496 4850 κάκεῖσε
1510 4785 1582 4874 πρὸς
1596 4783 1653 4855 τὴν
1669 4781 1763 4874 θίιραν
1784 4775 1852 4848 δια·

1027 4897 1176 4987 σπόμενοι
1206 4897 1361 4990 εὕρηνται,
1385 4897 1475 4988 ρόβος
1497 4896 1622 4987 ουνίσχε
1644 4895 1697 4962 τόν
1722 4897 1854 4978 βασιλία

1027 5007 1169 5100 μίγιστος
1200 5010 1314 5082 ἥκιστα
1349 5001 1563 5100 λογιζόμενον,
1586 5011 1666 5084 όπως
1695 4999 1853 5100 διαρίγη,

1027 5123 1085 5194 τὴν
1111 5113 1226 5214 ίροδον.
1249 5119 1336 5188 Ἐπεί
1367 5115 1402 5190 ii
1433 5123 1486 5188 καί
1515 5123 1628 5199 πάντες
1658 5131 1686 5188 σί
1717 5121 1855 5200 συνόντες

1028 5243 1132 5318 αὑτῷ,
1154 5235 1211 5307 τἠν
1243 5235 1338 5306 αὑιθιν
1368 5233 1512 5326 ὑπίμενον
1543 5235 1690 5327 ἀνάγκην·
1724 5233 1854 5300 ίκαστον

1031 5349 1090 5442 γάρ
1112 5359 1172 5414 τῶν
1194 5349 1266 5442 πρός
1288 5347 1379 5416 αὑτὸν
1402 5347 1580 5420 ἀληλυθίναι
1602 5337 1802 5424 σπενδόντων,
1823 5354 1855 5412 εν

1035 5553 1120 5624 duae
1145 5571 1259 5638 voees,
1283 5553 1454 5640 σκοτίοιο
1477 5551 1696 5642 praecedunt,
1720 5559 1754 5622 οι
1777 5569 1853 5622 eae-

1037 5665 1113 5734 dem
1137 5672 1314 5736 recurrunt
1336 5665 1483 5752 margine
1499 5665 1583 5736 inim
1600 5667 1678 5752 cap.
1695 5667 1780 5750 xvi,
1794 5681 1855 5752 per

1035 5775 1270 5862 compendium
1296 5777 1437 5866 scriptae
1454 5783 1543 5864 eum,
1559 5779 1649 5866 quod
1664 5777 1744 5848 mihi
1762 5779 1855 5864 igno·

1036 5899 1107 5962 ium
1131 5897 1194 5960 esi.

1720 6023 1737 6072 ε
