4690 6406
495 309 574 376 teti.
590 321 620 366 n.
661 295 859 363 timanamm
883 281 984 372 septi-

662 406 706 474 mi
733 398 854 470 inbeiei
877 394 977 464 huius
1001 411 1064 460 ne-

661 517 750 589 nabit
774 509 954 581 habraham
977 505 1044 572 isae

661 631 765 701 fitium
789 641 888 693 sunm
913 627 946 689 et
970 617 1103 686 deman-

659 741 752 812 dauit
776 737 822 805 itti
847 735 1045 814 dicens-ege

658 853 756 926 sanni
780 858 813 919 et
837 844 951 916 neseio
974 842 1062 910 diem

556 999 572 1058 ·‚
658 964 779 1038 mentis
804 979 897 1030 meae
915 965 955 1030 ,et
978 972 1032 1022 re-

658 1084 772 1170 pletus
796 1089 871 1142 sum
894 1069 1012 1138 diebus

657 1193 744 1264 meis
769 1194 802 1255 et
826 1203 903 1254 eece
928 1197 991 1266 ege
1015 1180 1053 1246 n-

660 1309 695 1376 tii
721 1299 868 1389 quinque
893 1301 927 1364 et
951 1308 1027 1378 sep-

659 1417 808 1505 tuaginta
831 1419 865 1480 et
889 1413 1021 1480 eentum

618 1593 621 1602 .
659 1545 826 1607 annerum
850 1543 925 1597 sum
949 1524 983 1592 in
1007 1520 1074 1590 die-

656 1657 719 1722 nus
745 1644 833 1714 uitae
856 1657 950 1710 meae
974 1635 1073 1705 deum
1098 1652 1176 1702 nes-

657 1777 746 1836 trum
772 1759 804 1826 in
828 1752 988 1826 memoria

655 1879 781 1948 itabens
806 1885 940 1957 semper
963 1871 997 1932 et

550 2017 553 2022 ·
656 1989 835 2079 exquirens
859 1999 938 2054 enm
963 1979 995 2046 in

655 2104 747 2172 nmni
771 2098 895 2167 uirtute
919 2109 993 2161 mea

660 2227 695 2286 nt
721 2217 865 2284 iacerem
890 2219 1025 2275 emnem

656 2331 874 2400 netumtatem
899 2319 972 2389 eins

658 2454 691 2516 et
714 2451 752 2512 ut
776 2425 954 2525 dirigerem
980 2430 1012 2498 in

657 2555 812 2628 omnibus
836 2551 899 2620 niis
923 2546 996 2618 eins
1047 2595 1050 2602 .

634 2677 674 2743 Et
697 2671 773 2740 idee
798 2667 972 2736 simuiaera

657 2784 763 2855 ediuit
787 2781 894 2849 anima
918 2793 990 2846 mea
1016 2781 1049 2842 et

657 2899 842 2970 semientes
865 2894 913 2963 eis
937 2907 1028 2960 eram

558 3022 583 3084 n,
654 3031 826 3104 spernens·
850 3013 891 3080 Et
915 3005 989 3079 dedi

632 3147 714 3226 ,aar
737 3143 849 3196 meum
873 3129 906 3192 et
931 3119 1086 3209 spiritam
1164 3119 1168 3128 '

654 3251 691 3314 ut
714 3237 898 3312 custodiam
923 3241 956 3304 et
980 3235 1024 3302 ta-

654 3357 737 3426 niam
760 3353 979 3424 uelumtatem

653 3472 724 3541 eins
748 3468 804 3558 qni
828 3483 881 3535 me
906 3462 1031 3534 eneanit

653 3585 728 3674 quia
752 3577 835 3654 deu's
859 3582 980 3650 niuens
1005 3583 1056 3645 est

652 3705 685 3767 et
708 3705 842 3768 sanetus
866 3700 899 3762 et
922 3691 1029 3760 tidelis
1058 3695 1091 3754 et.

652 3810 759 3876 iustas
784 3811 882 3874 etex
907 3800 1061 3869 omnihus

653 3939 720 3990 nen
744 3927 795 3990 est
819 3915 908 4004 apud
932 3931 1009 3982 enm

653 4035 801 4123 aeeipene
825 4045 1004 4120 persenam

547 4233 550 4240 ¹
655 4157 692 4217 ut
715 4147 852 4234 aeeipiat
874 4159 1013 4212 munera

654 4263 809 4349 quoniam
833 4259 915 4328 dens
941 4257 1048 4324 iustus

655 4383 707 4446 est
731 4385 763 4444 et
787 4373 945 4444 indicium
968 4387 1008 4437 ea

656 4489 810 4558 omnibns
835 4484 891 4572 qni
915 4491 1024 4552 trans-

656 4601 852 4690 grediuntur
875 4615 943 4668 ser·
1030 4684 1035 4691 Ι

656 4735 772 4786 menes
796 4717 869 4786 eius
892 4719 926 4784 et
950 4709 1006 4798 qui

656 4836 873 4902 centemnunt
897 4835 962 4897 tes-

656 4947 831 5017 timenium
854 4944 926 5014 eius

633 5067 674 5132 Et
698 5067 733 5129 tn
758 5059 816 5128 iiiii
841 5053 971 5126 custodi

656 5179 831 5264 praecepta
855 5169 928 5239 eins
951 5173 984 5234 et
1052 5155 1061 5166 ’

655 5288 808 5361 mandata
831 5285 904 5356 eius
927 5289 960 5350 et
984 5279 1035 5348 in-

656 5407 740 5478 dieia
765 5402 838 5472 eius
862 5405 896 5469 et
920 5394 989 5466 neti

654 5521 744 5592 abire
770 5521 847 5602 pest
870 5507 998 5580 abami-

653 5639 807 5713 nationes
831 5633 864 5696 et
887 5629 965 5710 pest

1253 79 1363 162 ...⁸24
1390 135 1432 150 ..

1390 281 1505 348 iden.
1542 286 1656 356 insitas
1681 297 1715 356 et
1739 291 1847 363 notite

1544 397 1744 470 manducare
1768 422 1908 476 emnem

1541 511 1737 596 sangninem
1762 519 1875 587 omnis

1540 623 1647 689 ramis
1672 625 1741 693 sive
1766 629 1809 697 de
1835 630 1888 700 his
1914 655 2006 722 qnae

1544 735 1575 800 in
1601 735 1699 802 tennis
1723 747 1804 806 sunt
1827 742 1902 812 sine

1481 865 1486 875 ·
1544 865 1626 932 qnae
1649 850 1775 918 nolant·
1791 854 1826 920 in
1850 875 1928 926 aere

1542 968 1575 1026 et
1598 961 1625 1027 si
1650 962 1784 1032 neeidas
1807 969 1931 1040 ostiam

1455 1121 1458 1126 n
1541 1073 1709 1140 fruetuum
1733 1078 1826 1164 panis
1850 1098 1906 1148 ορ.

1542 1183 1649 1252 eiditis
1673 1202 1752 1254 enm
1776 1193 1910 1276 sangui-

1542 1315 1617 1365 nem
1641 1306 1753 1368 autem
1778 1301 1851 1372 eius
1876 1307 1923 1374 ei-

1402 1389 1406 1396 ’
1485 1413 1489 1424 ’
1541 1409 1687 1478 tundetis
1711 1430 1815 1498 snper
1839 1417 1889 1484 at-

1541 1522 1661 1589 tasinm
1685 1527 1728 1592 tet
1751 1541 1888 1596 omnem

1539 1635 1735 1720 sanguinem
1759 1639 1916 1710 olocaus-

1428 1806 1432 1816 .
1541 1749 1562 1815 ti
1588 1767 1690 1836 super
1713 1753 1867 1824 altarium

1539 1879 1615 1930 eum
1637 1862 1823 1951 similagine
1847 1876 1882 1937 et

1538 1973 1784 2044 eenteetumin
1809 1979 1885 2049 eteo

1541 2105 1617 2156 eum
1641 2087 1720 2156 uine
1746 2089 1852 2177 ipsius
1876 2097 1934 2164 ei.

1544 2203 1631 2271 seres
1656 2205 1766 2273 emnia
1790 2223 1828 2274 ea
1853 2225 1909 2277 sn-

1542 2333 1602 2401 per
1624 2315 1778 2386 altarium
1801 2320 1892 2390 inue-

1543 2438 1636 2497 tunm
1661 2429 1745 2498 eder
1769 2433 1918 2502 suauita-

1542 2543 1585 2610 tis
1609 2549 1660 2612 est
1684 2542 1718 2610 in
1742 2561 1903 2632 conspee-

1543 2663 1579 2722 tn
1602 2655 1655 2723 dei
1679 2652 1718 2723 et'
1736 2657 1778 2724 ad
1802 2657 1912 2744 ipsum
1939 2681 1995 2730 sa-

1541 2768 1654 2837 enifieii
1683 2769 1836 2838 salutaris

1541 2883 1661 2952 oneres
1687 2901 1789 2969 snper
1813 2885 1924 2971 ignem

1464 3053 1469 3064 .
1541 3012 1642 3080 super
1665 2996 1768 3064 altare
1792 3005 1826 3066 et
1850 2999 1918 3068 adi-

1542 3125 1619 3196 pem
1643 3127 1726 3196 qnae
1751 3117 1929 3198 estsuper

1542 3227 1696 3292 uentrem
1720 3229 1753 3292 et
1778 3241 1912 3294 emnem

1540 3334 1671 3420 adipem
1695 3355 1778 3424 qnae
1803 3346 1855 3408 est
1880 3359 1933 3408 sn-

1541 3467 1600 3537 per
1624 3447 1793 3519 interanea
1817 3458 1851 3548 et

1539 3565 1624 3632 dues
1648 3581 1746 3632 renes
1770 3570 1804 3632 et
1828 3581 1961 3634 emnem

1470 3675 1935 3763 -ammmmm

1540 3809 1600 3879 pen
1620 3787 1699 3859 illes
1723 3797 1757 3859 et
1781 3809 1865 3877 quae
1890 3801 1940 3862 est

1540 3922 1641 3993 super
1664 3904 1772 3974 femus
1796 3911 1829 3986 et
1854 3907 1901 3974 ie-

1539 4036 1598 4088 eur
1621 4017 1711 4104 qued
1735 4025 1787 4086 est
1811 4035 1912 4104 snper

1537 4130 1730 4219 pulmonem
1754 4148 1830 4198 eum
1854 4133 1990 4201 renibus

1537 4261 1664 4330 separa·
1690 4245 1732 4311 Et
1756 4244 1804 4313 sie
1828 4245 1875 4313 ei-

1536 4361 1602 4428 ters
1626 4355 1783 4426 uniuersa
1807 4357 1862 4424 in·

1538 4473 1677 4543 ederem
1700 4472 1874 4541 suauitatis

1539 4586 1741 4674 acceptante
1765 4585 1799 4656 in
1825 4603 1923 4656 eons-

1540 4706 1656 4788 speetn
1680 4699 1805 4768 demini
1831 4718 1906 4769 enm
1931 4721 1985 4768 sa-

1540 4813 1672 4884 erisieiis
1693 4813 1842 4900 ipsorum

1539 4935 1573 4998 et
1597 4945 1672 4995 eum
1695 4927 1776 4996 uine
1800 4929 1872 4996 eins

1541 5043 1573 5110 in
1598 5040 1737 5109 ederem
1761 5041 1906 5108 suauita-

1470 5240 1474 5250 ι
1541 5155 1582 5224 tis
1608 5157 1729 5222 Panem
1752 5153 1841 5223 irne-

1543 5276 1638 5336 tuum
1662 5267 1797 5336 demine
1822 5275 1854 5335 et
1879 5256 1950 5335 canss

1544 5379 1620 5448 neni
1645 5379 1884 5450 manducabitis

1544 5493 1577 5560 in
1602 5493 1655 5562 iiia
1680 5493 1733 5562 die
1756 5499 1789 5563 et
1813 5493 1845 5560 in
1870 5511 1960 5562 enas-

1542 5607 1611 5674 tine
1635 5613 1668 5674 et
1692 5623 1759 5674 nen
1783 5605 1909 5675 eeeidet
