4594 6452
371 613 376 622 ,
422 433 727 654 russin
772 423 1083 634 senem
1120 423 1606 648 nrn'cnnrn*
1731 430 1771 492 ⁵

663 735 896 824 enutris
928 736 998 824 nr
1033 693 1319 828 ιιιιιιιιιε.

470 1613 474 1622 1
621 1522 664 1592 nt
683 1518 849 1592 CHRISTI
869 1521 1028 1594 NOIIINII
1047 1521 1200 1594 INCIPIT
1219 1519 1368 1594 Pnssto

556 1661 681 1734 nutu
708 1661 876 1735 IEVITAE
902 1663 957 1734 ΕΤ
983 1663 1198 1738 nonnitus
1227 1661 1434 1736 VINCENTI.

170 1914 295 1984 initiis
319 1913 449 1982 dicbus.
473 1931 552 1980 curn
576 1910 776 2000 gratiissimn
803 1913 836 1980 in
861 1915 947 1982 cbri-

121 2031 251 2098 stienos
274 2027 464 2116 persecutio
480 2025 642 2094 ebuliissit
661 2029 682 2092 ¹.
706 2026 899 2096 dioclitieno
913 2037 947 2098 ct

125 2143 328 2212 maximiano
361 2143 621 2230 imperatoribus
656 2143 690 2210 in
722 2153 945 2231 ovgustenem

124 2258 333 2347 prouinciam
358 2252 382 2324 ².
415 2257 549 2324 ciuitate
573 2255 757 2324 'ualentIna
790 2257 945 2326 dotianus

122 2372 357 2460 iniquissimus
395 2389 519 2458 preses
554 2371 703 2438 officium
739 2373 945 2440 crudelitatis

111 2485 289 2562 aduersus
321 2485 375 2553 dei
402 2493 536 2554 sanctos
567 2487 735 2574 suscepit:
769 2485 835 2571 Qui
866 2505 945 2556 mox

125 2610 162 2668 ut
186 2599 359 2687 ingressus
383 2607 435 2666 est
459 2599 576 2668 orbem
585 2593 609 2665 ⁸.
633 2618 715 2667 suos
739 2599 860 2668 direxit
882 2601 944 2668 mi·

124 2715 209 2782 lites.
228 2721 264 2780 ut
278 2713 476 2802 episcopum
495 2713 671 2782 uslerium.
689 2721 721 2782 et
738 2713 944 2784 uincentium

123 2829 273 2896 lenitum.
299 2845 365 2895 una
390 2847 468 2896 cum
492 2827 612 2894 ceteris
636 2827 795 2896 ecclesiae
820 2822 972 2898 ordiui·'

124 2943 200 3011 bus.
222 2949 419 3012 catenarum
437 2941 578 3010 nexibus
603 2942 766 3028 siligetos.
791 2952 824 3008 ct
840 2961 945 3030 penu·

124 3057 172 3124 rie
190 3056 287 3124 tamis
310 3059 458 3126 aiiectos.
476 3056 520 3122 ed
531 3145 534 3154 y
547 3055 751 3122 ualentinam
767 3053 946 3124 'ciuitatem

124 3171 365 3261 perducerent:
390 3169 456 3256 Qui
473 3190 551 3238 cum
568 3169 721 3258 perducti
742 3171 896 3242 tuissent.
914 3179 947 3238 et

125 3287 158 3353 iu
182 3283 353 3354 costodie‘
379 3285 521 3352 carceris
546 3285 677 3354 reclusi.
691 3305 773 3354 cum
797 3303 856 3354 cos
879 3286 947 3354 iam

124 3397 305 3468 deiicisse⁵
330 3417 391 3486 per
406 3397 568 3487 supplicia
592 3398 789 3466 existimarit
801 3399 825 3466 ⁶.
850 3399 947 3468 iussit

118 3513 278 3582 datianus
311 3531 375 3580 suo
399 3531 458 3581 eos
491 3509 686 3600 conspectui
716 3514 945 3601 praesentari:

125 3629 259 3698 Etcum
282 3627 455 3696 cernerit²
479 3627 554 3697 iIIos
578 3629 685 3696 clari·
710 3629 818 3696 uuitu.
835 3629 946 3718 adque

121 3743 378 3813 sineerIssimos.
403 3743 436 3810 in
462 3743 523 3812 bac
547 3761 632 3812 uoce
655 3743 759 3810 iratus
780 3743 947 3834 prorupit:

125 3857 215 3944 Quid
241 3857 324 3927 dicis
355 3867 391 3926 tu
424 3855 539 3926 ueteri.
564 3857 623 3945 qui
647 3859 710 3926 sub
734 3859 870 3928 nomine
894 3879 945 3940 re·

124 3971 259 4064 ligionis
282 3981 399 4042 contra
416 3973 549 4042 decreta
573 3974 763 4064 priucipum
780 3975 871 4044 tacis.
896 3975 946 4047 bd

124 4087 196 4154 bec
219 4087 338 4156 beetus
370 4088 518 4156 ualerius
546 4089 736 4176 episcopus.
761 4091 847 4179 cepit
880 4091 945 4158 teni

125 4219 211 4270 uoce
242 4219 402 4292 respousa
434 4201 581 4270 carnitici
613 4202 715 4270 dare:
748 4201 810 4270 Cui
843 4203 945 4272 lenite

125 4313 316 4382 uincentius
339 4313 395 4382 sit:
419 4313 495 4384 Noti
518 4325 615 4404 pater
631 4315 832 4384 uenerabttts
849 4317 945 4405 quasi

126 4437 238 4496 mente
262 4429 376 4498 timida
401 4429 677 4499 submormorarc
701 4431 724 4498 ⁹.
757 4431 818 4499 sed
841 4431 945 4499 tibcra

127 4563 211 4613 uoce
228 4545 388 4612 erotema.
406 4555 443 4613 ut
459 4555 614 4614 conteras
631 4545 758 4614 rabiem
783 4545 945 4636 tyrronni.

125 4659 184 4747 qui
208 4669 324 4728 eontra
340 4659 394 4728 dci
418 4660 652 4748 minysterium
671 4661 785 4728 latrat:
809 4661 860 4730 bd
875 4661 946 4730 bec

126 4775 281 4844 dotianus
313 4774 361 4840 ira
391 4775 538 4862 repictus
560 4773 628 4842 ait:
662 4773 825 4844 Amouetc
856 4775 947 4844 bunc

126 4891 333 4980 episcopum.
358 4899 391 4958 et
418 4891 625 4960 uincentium
658 4891 818 4960 reueiiem
844 4895 879 4959 ¹⁰.
911 4891 946 4960 in

123 5003 242 5072 ecuIeo
274 5003 467 5092 suspendite
491 5015 524 5072 ct
556 5005 702 5093 torquite
720 5003 742 5074 ¹.
775 5015 811 5074 ut
841 5007 947 5076 discet

123 5137 186 5208 pcr
218 5127 394 5188 tormenta.
427 5117 617 5208 principum
649 5119 750 5188 iussis
774 5113 946 5209 obtempe-

125 5249 215 5300 rare:
237 5231 304 5316 Qui
327 5251 524 5321 suspensus.
540 5253 620 5301 cum
644 5233 703 5302 diu
721 5243 945 5324 torqueretur.

122 5346 170 5414 ait
194 5345 368 5414 datianus:
393 5347 454 5414 bic
477 5345 559 5415 mibi
583 5321 740 5416 uincenti.
766 5349 823 5418 ubi
848 5359 954 5434 tuom¹

124 5459 286 5527 miserum
317 5461 482 5550 conspicis
514 5483 661 5552 corpus:
686 5463 726 5532 tt
757 5465 811 5534 iiie
834 5465 943 5534 subri-

123 5573 207 5644 dens
243 5575 311 5644 ait:
349 5575 419 5646 IIoc
442 5587 493 5645 est
524 5577 617 5666 quod
648 5598 782 5668 semper
804 5581 942 5650 obtaui:

124 5687 266 5758 Paratus
289 5699 340 5759 est
370 5691 424 5760 dci
448 5711 579 5760 seruus.
604 5693 717 5763 omnia
743 5713 807 5784 pro
831 5695 941 5764 selue·

123 5805 207 5874 toris
230 5805 367 5876 nomine
390 5806 571 5876 rustiwe:

1088 1915 1182 1982 'Iunc
1207 1913 1313 1982 iretus
1329 1913 1494 1982 dationes.
1513 1914 1658 1982 clamere
1678 1915 1862 1984 tortoribus

1041 2027 1147 2116 cepit:
1171 2027 1358 2096 Miserrimi.
1392 2049 1453 2096 cur
1476 2027 1634 2098 dedciunt
1657 2031 1779 2098 monus
1804 2049 1861 2100 uc,-

1040 2146 1140 2209 stree.
1158 2152 1196 2210 ut
1218 2163 1286 2212 non
1310 2137 1563 2231 praeuelestcs²
1588 2151 1782 2232 torquentes
1805 2145 1863 2212 su·

1039 2275 1160 2345 perere
1195 2257 1425 2325 uincentium:
1457 2257 1635 2326 Adulteros
1666 2267 1700 2326 ct
1730 2277 1860 2348 meges.

1040 2379 1141 2460 etque
1156 2373 1341 2461 parricidas
1358 2373 1493 2440 uincere
1508 2371 1704 2460 potuistcs⁸.
1728 2381 1766 2441 ut
1781 2373 1863 2442 nibtt
1916 2421 1927 2450 .

1039 2487 1173 2576 penitus
1198 2486 1286 2554 inter
1302 2487 1403 2554 brinta
1427 2485 1590 2575 supplicia
1606 2485 1713 2554 celare
1736 2487 1863 2576 potuis

1040 2611 1125 2670 sent
1141 2601 1223 2670 dum
1239 2601 1314 2669 ilios
1331 2599 1449 2698 durius
1466 2596 1710 2688 torquebates⁴.
1727 2609 1760 2668 et
1772 2617 1863 2670 nunc

1040 2707 1134 2784 sotus
1147 2715 1337 2784 uincentius
1355 2723 1467 2784 uestra
1483 2714 1607 2803 poterit
1622 2733 1784 2804 superare
1797 2725 1862 2784 tor·

1040 2839 1164 2897 menta.
1178 2839 1212 2898 ct
1228 2849 1295 2900 non
1312 2829 1407 2897 ilium
1422 2830 1468 2898 ite
1483 2827 1653 2920 potostcs⁵
1670 2829 1860 2920 discerpere

1040 2951 1079 3009 ut
1103 2943 1267 3012 christum
1295 2963 1396 3012 suum
1429 2963 1554 3031 negare
1578 2953 1741 3032 cogatur:
1766 2947 1860 3016 'I'unc

1040 3057 1161 3126 beatus
1198 3059 1397 3127 uincentius.
1435 3057 1547 3128 denuo
1578 3057 1758 3128 subridens
1789 3059 1861 3126 ait:

1041 3171 1212 3241 Christum
1236 3173 1343 3242 Ieteor
1365 3173 1419 3242 dei
1443 3173 1560 3240 titium.
1576 3173 1681 3262 patris
1706 3175 1858 3244 altissimi

1042 3285 1190 3354 unicum.
1216 3305 1293 3356 cum
1317 3295 1412 3376 patre
1442 3296 1475 3354 ct
1498 3307 1577 3355 cum
1600 3287 1720 3376 spiritu
1744 3273 1865 3359 sancto'

1040 3411 1211 3490 protestor
1233 3420 1307 3470 csse
1330 3401 1442 3470 deum.
1467 3409 1500 3468 et
1527 3421 1651 3489 negare
1675 3421 1731 3470 me
1754 3405 1859 3492 cogis.

1041 3515 1100 3602 qui
1124 3533 1163 3583 ee
1188 3534 1275 3604 quae
1299 3533 1379 3583 uera
1404 3523 1483 3583 sunt
1505 3511 1690 3586 confiteor:

1088 3627 1190 3696 Ptanc
1204 3629 1308 3698 debes
1333 3639 1501 3718 torquere.
1517 3631 1547 3698 si
1570 3631 1728 3700 mentiar:
1752 3632 1860 3702 Iratus

1039 3751 1154 3812 autem
1178 3761 1324 3831 praeses.
1349 3743 1447 3812 iussit
1470 3763 1549 3812 eum
1573 3745 1745 3834 flagellari.
1762 3755 1796 3814 et
1812 3766 1862 3816 ar·

1040 3859 1160 3928 dentes
1175 3857 1254 3926 terri
1270 3857 1411 3926 laminas
1435 3877 1538 3948 supra
1553 3868 1681 3948 'pectus
1702 3861 1860 3952 martyris

1038 3973 1129 4062 poni.
1154 3983 1256 4062 atque
1287 3971 1467 4062 liquefacto
1493 3971 1635 4064 plumbo
1655 3971 1668 4010 ‘
1693 3974 1860 4044 teruenses

1038 4095 1151 4176 guttas
1165 4087 1315 4176 adiungi.
1332 4097 1365 4156 ct
1389 4107 1493 4178 super
1509 4099 1658 4158 recentes
1680 4089 1859 4160 uulnerum

988 4263 998 4274 .
1037 4201 1311 4306 pingaspdusu
1335 4203 1412 4270 satis
1436 4202 1601 4292 Irengna
1624 4190 1739 4294 spargi
1762 4224 1859 4294 prce·

1015 4317 1138 4405 'cepit:
1164 4315 1244 4386 Post
1268 4315 1350 4385 brec
1373 4317 1600 4406 Interrogabat
1616 4319 1772 4388 datianus
1796 4317 1859 4387 mi·

1038 4427 1123 4498 iites.
1147 4431 1230 4519 quid
1253 4429 1372 4498 beatus
1397 4431 1511 4500 cbristi
1535 4427 1671 4520 ogerit²
1695 4433 1813 4502 Icuita:

1086 4545 1309 4616 ttcnunttatur
1331 4547 1378 4616 itti
1402 4567 1421 4616 a
1449 4545 1610 4616 militibus
1635 4547 1729 4638 quod
1751 4549 1859 4620 eIari⁸

1039 4661 1148 4728 uuitu.
1165 4662 1285 4750 spiritu
1310 4661 1451 4732 tontort
1468 4663 1629 4752 pertinaci
1654 4665 1761 4752 magis
1784 4685 1860 4754 pro

1039 4773 1184 4843 iessione
1202 4795 1304 4864 quam
1329 4786 1472 4866 ceperat
1497 4777 1660 4847 cbristurn
1683 4777 1860 4852 domiuum

1031 4887 1240 4964 confltetur:

1086 5005 1181 5074 Tunc
1204 5005 1301 5074 iussit
1316 5027 1396 5076 cum
1419 5025 1556 5098 praeses
1580 5007 1708 5092 recludi
1730 5011 1765 5083 iu
1790 5031 1860 5080 car·

1039 5135 1115 5186 cere
1139 5117 1356 5188 tenebrosum
1379 5117 1403 5188 ⁹.
1435 5131 1469 5190 et
1492 5121 1655 5212 tregmina
1681 5135 1775 5196 teste
1798 5147 1860 5218 per

1040 5241 1148 5302 totum
1173 5233 1298 5302 iactari.
1316 5243 1353 5302 ut
1376 5255 1454 5304 cum
1480 5237 1533 5304 uir
1548 5247 1685 5306 sanctus
1706 5241 1856 5310 membra

1038 5345 1119 5416 dare
1150 5347 1305 5418 uoluissit
1324 5352 1348 5390 ¹·
1375 5349 1491 5440 quieti.
1524 5351 1717 5422 acutIssima
1753 5363 1858 5424 testm

1038 5461 1235 5552 fragmenta.
1275 5465 1473 5534 uulneribus
1509 5465 1754 5556 iungerentur:
1791 5469 1857 5541 Sed

1036 5575 1119 5644 dum
1150 5575 1305 5648 costodes
1330 5579 1339 5616 ¹
1372 5597 1392 5648 a
1424 5599 1545 5651 somno
1577 5585 1810 5672 euegetessent
1845 5589 1859 5627 ²

1036 5693 1149 5764 subito
1180 5695 1238 5764 iux
1272 5697 1401 5768 retulsit
1436 5699 1470 5768 in
1506 5717 1649 5770 carcere.
1674 5711 1708 5771 ct
1742 5703 1856 5772 metita

1033 5819 1217 5880 stramenta
1241 5813 1307 5884 ittic
1330 5825 1571 5906 apparuerunt.
1596 5817 1631 5888 iu
1655 5835 1723 5908 qua
1755 5817 1855 5890 teuita
