4690 6406
152 326 278 386 aliorum
289 322 432 393 codicum,
446 339 519 399 quos
531 321 560 379 in
572 321 789 400 prolegomenis
800 338 868 382 cum
881 322 975 400 primo

152 418 319 478 describam
338 419 388 490 (b,
406 422 450 487 o).

187 510 284 572 Codex
297 511 419 572 collatus
436 510 464 568 in
481 507 560 581 Thr,
572 527 629 568 non
643 507 797 580 adomnia,
809 519 841 569 ut
853 508 975 588 conjicio

151 623 189 664 ex
203 604 288 675 datis,
298 621 313 661 a
324 601 509 674 Doederlein,
518 602 629 677 ltcpert.
639 603 704 676 fill.
719 603 797 662 nM.
806 603 859 662 tn.
869 603 974 675 Vtin).

187 699 295 756 Textus
315 697 504 770 interpositus
531 695 656 754 Catenae
683 711 806 770 graecae
825 695 855 752 in
884 693 975 752 libros

152 801 279 860 nostros,
297 808 384 867 quam
404 788 495 850 edidit
513 787 685 858 Ghislcrius,
711 806 766 847 nee
794 805 852 848 non
874 788 973 847 lectio·

152 901 206 942 nes
226 883 257 943 iu
276 893 355 944 textu
374 881 552 942 scholiorum
568 893 754 942 occurrentes
771 883 975 958 (Catillum).

187 977 388 1038 'theodoretus
407 975 443 1034 sd
462 975 575 1034 Baruch
595 985 624 1034 et
642 972 793 1046 Thr·cnos;
817 985 885 1033 utor
912 973 974 1032 cdi·

151 1073 233 1132 tione
259 1069 409 1130 sirmondi
427 1068 647 1143 (attenuaret).
672 1067 799 1128 Plurima
828 1067 910 1127 dedit
936 1067 974 1126 ab

150 1163 296 1222 llelmesio
314 1165 432 1234 omissa,
450 1179 521 1238 quae
537 1161 627 1220 crisin
643 1164 676 1220 de
691 1157 801 1220 iamilia
816 1161 974 1220 Lueiauaca

151 1255 275 1316 mirifice
291 1259 405 1336 juvant
961 1259 965 1270 ’

190 1349 313 1426 Vulgata
333 1349 424 1408 latina
442 1348 572 1427 (Vulg.).

188 1443 302 1512 versio,
316 1443 360 1502 vel
374 1443 516 1502 Recensio
532 1443 621 1501 latina
639 1453 723 1502 vetus
741 1440 853 1500 Barucb
875 1441 904 1500 in
924 1443 974 1500 Sa-

152 1537 258 1606 batier,
278 1535 443 1594 Bibliornm
459 1537 617 1596 Sacrorum
636 1535 785 1594 Versianea
800 1535 907 1595 latinae
922 1553 975 1592 un·

149 1631 248 1702 tt'quae
265 1628 345 1698 (Vct.
364 1627 425 1686 Lat.
448 1626 524 1705 apnd
542 1625 622 1700 Sab,
640 1628 685 1686 vel
706 1629 736 1686 in
756 1628 823 1687 ullis
844 1630 974 1688 1111111-

151 1721 213 1780 lum
233 1723 316 1799 posui
345 1723 404 1782 Vct.
424 1723 498 1794 111,
525 1724 596 1798 quin
615 1722 755 1782 adderem
778 1723 858 1798 apud
884 1723 976 1795 Sub.l;

151 1815 280 1888 itemque
300 1812 465 1893 fragmenta
484 1817 604 1876 patrum
625 1816 794 1874 Latinorum
820 1827 849 1875 ct
874 1815 974 1874 lectio·

151 1924 206 1964 nes
222 1916 354 1968 veterum
374 1907 506 1968 codicum
526 1907 562 1966 ad
581 1925 683 1966 omnes
707 1909 797 1967 libros
817 1927 852 1967 cn
872 1907 973 1968 eodem

150 1999 302 2072 Sabatier3
321 1999 470 2058 interdum
490 2001 588 2058 patres
607 1999 713 2058 latinos
740 2006 860 2060 nomine
888 2013 973 2062 tenus

149 2103 268 2152 tantum
295 2095 408 2163 excito,
426 2094 477 2152 sed
498 2101 526 2151 in
549 2093 651 2152 eodem
671 2093 853 2170 quaerendi,
882 2097 973 2154 inter·

149 2183 223 2242 duan
240 2184 315 2244 addo
334 2181 458 2245 indicem
478 2187 567 2246 iontis
586 2187 698 2257 (sab).

188 2277 360 2352 Fragmenta
381 2278 547 2350 versionis,
575 2278 618 2336 vel
645 2280 835 2338 ltcccnsionis
863 2279 972 2340 latinae

150 2368 274 2441 Barucla,
292 2389 368 2446 quac
386 2383 485 2430 extant
507 2373 535 2430 in
557 2372 666 2432 missali
697 2390 751 2430 ms.
781 2373 973 2432 Ambrosiano

149 2473 272 2524 nostrae
291 2464 487 2532 Bibliothecae
507 2463 597 2524 seculi
618 2466 651 2524 11.

188 2557 290 2616 Versia
308 2557 425 2634 Syriaca
446 2561 557 2620 pascito
574 2561 644 2634 tp)
669 2580 684 2618 e
710 2559 878 2638 polyglottis
901 2563 974 2620 Lon·

148 2647 334 2721 dineosibus,
352 2651 493 2712 adhibitis
511 2655 599 2712 etiam
618 2653 733 2714 duobus
752 2653 836 2714 codd.
853 2655 974 2716 Ambro-

147 2743 250 2812 sianis,
267 2761 393 2820 quorum
413 2746 510 2816 unius,
530 2746 560 2806 11.
578 2747 623 2806 pl.
645 2745 708 2818 111,
722 2747 870 2822 specimen
891 2745 972 2806 exhi·

151 2837 200 2896 bet
220 2835 318 2896 tabula
337 2835 549 2917 litlrograpbica
569 2841 695 2918 syriaca,
715 2839 791 2900 ulter
813 2840 972 2918 completus

148 2941 196 2990 est
215 2931 421 3008 llierosolymis
440 2951 487 2992 an.
507 2933 644 3006 tet53tn
669 2933 794 2992 Thrcnis
813 2951 884 2993 usus
907 2953 972 2994 surn

150 3023 241 3082 ctiam
260 3023 393 3084 editione
412 3027 555 3086 Samuelis
587 3029 660 3099 Lea,
687 3045 775 3105 quam
794 3027 871 3086 dona
899 3025 972 3088 mihi

149 3115 233 3176 «ledit
252 3119 282 3176 E.
301 3118 405 3194 Pusey.

188 3209 291 3270 l'ersio
310 3211 433 3270 hrabiea
452 3213 535 3287 (dr.)
553 3231 568 3272 c
587 3211 757 3292 polyglottis
784 3211 972 3272 londinensi·

153 3303 218 3362 bus.
235 3305 385 3364 Lectiones
407 3323 482 3380 quae
509 3305 539 3364 in
569 3304 623 3364 hac
649 3305 776 3364 editione
801 3307 830 3364 in
850 3303 972 3364 Theonis

150 3397 348 3456 desumuntur
366 3415 382 3456 e
401 3396 500 3456 codice
527 3398 694 3469 Ononicnsi,
722 3399 817 3476 reperi
836 3401 924 3458 ctiam
945 3401 974 3458 in

152 3487 222 3548 Cod.
241 3489 435 3550 Ambrosiano
454 3491 483 3550 C.
503 3491 546 3550 58.
571 3490 638 3562 ini,
654 3507 741 3567 quem
770 3489 902 3558 nondum
927 3511 976 3552 cx·

152 3581 228 3641 eussi
243 3581 402 3658 diligenter
417 3601 451 3642 cx
470 3582 740 3660 ternpnrisdeiectu.
753 3587 890 3646 Continet
904 3589 975 3646 pca-

154 3675 257 3752 pbctas
275 3694 388 3746 omnes,
407 3695 466 3736 nan
496 3687 592 3736 tamen
621 3677 734 3736 llaruch
758 3688 789 3736 ct
814 3679 973 3756 Epistulam

153 3769 312 3839 leremlae3
331 3767 435 3826 lanam
454 3767 546 3828 edidit
564 3788 580 3826 e
600 3771 747 3842 versione,
773 3789 860 3848 quarn
890 3773 975 3836 ellert

151 3859 279 3932 eodone
289 3864 340 3922 lis.
352 3860 527 3940 llodlejanac
537 3861 739 3940 Biblll'eight
752 3865 780 3924 in
795 3864 851 3922 Tire
863 3865 931 3926 boola
946 3873 984 3946 (ᾖ

150 3955 249 4014 Jonah
278 3959 308 4012 in
336 3957 405 4030 [aar
432 3956 556 4013 oriented
580 3957 730 4022 eeraions;
760 3956 788 4012 in
809 3955 935 4016 Tbrenis
959 3977 975 4018 e

153 4049 265 4108 percito
279 4047 396 4108 videtur
414 4047 486 4110 mihi
503 4050 625 4108 omnino
644 4045 764 4110 haesisse
782 4067 799 4108 e
818 4051 910 4110 titulis
925 4070 973 4110 ea·

153 4143 248 4218 pitunr
269 4151 298 4200 et
316 4160 352 4200 ex
372 4141 439 4202 ullis
458 4141 654 4214 lectionibus,
676 4145 847 4222 pracsertim
867 4145 973 4222 insigni

153 4235 203 4296 illa
220 4237 286 4314 Cap.
305 4237 364 4308 111,
377 4253 404 4294 v.
424 4235 450 4306 1,
468 4235 616 4296 communi
630 4237 750 4306 Pascite,
766 4233 833 4294 huic
849 4237 974 4296 versioni

152 4337 182 4386 et
200 4329 356 4398 Armenoc,
364 4343 440 4404 qnae
455 4345 471 4385 1
486 4327 601 4388 Pescito
617 4326 698 4403 plura
714 4337 845 4388 mutuata
856 4339 909 4400 est,
922 4329 975 4390 sal·

153 4431 213 4479 tem
230 4419 259 4479 in
276 4419 410 4480 Threnis.
426 4419 543 4497 Corrige
559 4417 627 4478 binc
642 4437 716 4495 quae
735 4417 771 4478 de
792 4419 889 4480 indole
907 4439 975 4500 sup·

154 4511 368 4588 plementarum
389 4513 417 4572 in
429 4512 556 4573 Theonis
570 4509 683 4592 Polygl.
698 4511 924 4574 londinensium
940 4534 975 4574 ex

153 4605 254 4665 codice
272 4605 443 4676 oxoniensi,
461 4604 573 4674 eoelum
589 4595 715 4682 utputo,
729 4623 762 4662 ac
784 4605 831 4664 illo
845 4606 975 4686 ll'rigln,

153 4699 244 4760 lrabct
263 4699 487 4760 hasenmueller
506 4699 535 4756 iu
556 4696 702 4768 Thronos,
722 4685 770 4770 tlt,
787 4701 831 4758 pp.

190 4793 293 4854 l'crsio
312 4795 437 4852 Armeno
452 4795 566 4868 (bren.)
581 4812 616 4854 cx
636 4793 766 4854 editione
780 4793 905 4866 Zoltrab,
922 4797 973 4853 Vc

155 4887 243 4946 nctiis
262 4887 333 4960 lssilb
358 4887 386 4946 in
412 4887 464 4958 t.⁰,
483 4903 536 4965 pro
554 4885 666 4946 linruch
698 4897 727 4946 et
755 4887 896 4960 Tltrenis·,
923 4907 974 4966 pra

155 4979 280 5058 Epistola
299 4979 443 5040 ieremias
466 4999 535 5041 usus
553 4999 618 5040 sum
638 4981 764 5040 editione
783 4981 973 5042 Ecclesiastici

154 5085 184 5132 ct
202 5073 343 5150 ejusdcm,
359 5073 477 5146 ibidem,
491 5073 570 5136 1855.
584 5073 782 5134 llolmesianas
800 5093 915 5152 quoquc
934 5075 974 5135 le·
993 5067 999 5076 ’

154 5167 267 5226 alienes
287 5168 428 5226 Armenes
446 5161 513 5226 cuth
531 5168 594 5246 ejus
612 5167 694 5246 siglis
713 5167 790 5228 dedi.

191 5259 294 5318 versio
319 5257 605 5338 Copto-licmphitica
626 5261 704 5334 (Cli)
723 5259 759 5318 ad
779 5259 912 5321 'phrenas
939 5279 974 5322 cx

155 5349 283 5410 editione
301 5350 426 5411 Tutiam.

192 5444 612 5523 l'crsioCoptodiaschmuriea
626 5449 698 5520 (cu)
718 5464 753 5506 ex
764 5445 974 5522 editioanna·

158 5537 301 5612 trernlre3
312 5555 371 5598 nan
385 5537 475 5600 babet
489 5539 545 5600 nisi
556 5539 674 5612 thren,
684 5537 821 5612 tv‚22ad
834 5539 923 5600 linem
940 5541 974 5600 li·

157 5631 216 5702 bri,
227 5629 419 5712 etllpistolam
429 5630 591 5704 teremiae3
604 5631 655 5692 sed
665 5630 838 5692 omniorum
854 5631 974 5694 lacunis.

1102 321 1198 382 Semel
1217 321 1455 399 Copto-Sabidico
1473 327 1553 399 (cst
1572 343 1642 396 usus
1661 343 1742 401 sum3
1758 345 1827 387 nam
1843 345 1886 388 ce·

1066 427 1128 476 tera
1147 413 1278 492 ejusdem
1299 434 1358 475 non
1378 417 1581 494 suppetebant.

1100 510 1209 568 Omnes
1229 511 1378 569 versiones
1393 511 1517 570 assurusi
1531 512 1563 568 in
1577 511 1692 590 propria
1712 529 1814 572 earum
1829 511 1884 572 lin·

1064 617 1130 678 gua,
1146 617 1204 658 non
1225 619 1260 660 ex
1280 603 1519 680 interpretatione
1538 603 1628 663 latina
1648 605 1784 664 omnibus
1804 623 1890 682 prae-¹
1917 591 1929 612 ⁰

1063 703 1108 754 ter
1126 697 1283 754 bertranum
1303 695 1433 773 adjecta,
1461 698 1635 774 utquisque
1660 699 1749 758 ctiam
1775 717 1827 776 per
1853 716 1886 758 se

1063 797 1166 866 arguet
1185 808 1220 848 ex
1238 790 1493 868 luciam-quibus
1512 791 1628 852 discedo
1657 791 1694 850 ab
1714 789 1900 868 interpreti-⁰

1064 879 1118 940 bus
1137 879 1244 942 latinis.
1265 883 1308 942 Ne
1331 886 1396 960 quis
1424 895 1520 942 tamen
1550 896 1631 962 putet
1659 902 1706 944 me
1731 884 1884 944 scientiam

1063 973 1231 1050 linguarum
1252 977 1298 1034 illa
1319 977 1463 1035 editorum
1491 980 1673 1053 superiorem
1700 976 1772 1036 mihi
1803 995 1886 1038 arra·

1065 1084 1151 1143 gare,
1171 1067 1252 1127 absit.
1272 1073 1376 1130 Totum
1396 1071 1475 1128 enirn
1496 1079 1606 1130 textum
1627 1069 1813 1132 vertentibus
1842 1070 1885 1130 ias

1064 1171 1127 1218 crat
1153 1179 1210 1218 iton
1238 1161 1418 1222 rnlmnussirn
1446 1161 1534 1220 verba
1554 1174 1690 1238 captare·,
1712 1162 1789 1242 qttod
1814 1165 1886 1222 ratio

1051 1269 1196 1328 ‚incarnm
1216 1265 1353 1312 notarum
1373 1272 1388 1312 1
1410 1273 1456 1312 (1(
1476 1254 1651 1329 postulabat,
1664 1256 1722 1332 qui.
1730 1256 1841 1316 lucilius
1857 1257 1887 1318 il·

1065 1343 1115 1404 lud
1136 1355 1281 1420 praestare
1301 1357 1442 1424 poteram,
1458 1347 1610 1422 inquirens
1629 1350 1657 1407 in
1678 1349 1808 1424 singulos
1825 1360 1887 1408 tan·
1992 1340 1996 1356 ‘

1066 1449 1128 1496 tum
1144 1439 1229 1498 locos.
1248 1440 1385 1498 Ceterum
1398 1437 1504 1500 harum
1520 1440 1687 1500 versionum
1702 1449 1813 1500 textum
1829 1441 1886 1499 ori-

1065 1530 1211 1606 ginalem,
1230 1532 1287 1590 nisi
1306 1549 1377 1610 opus
1397 1533 1518 1592 omnino
1537 1533 1656 1604 luisset,
1679 1534 1762 1592 omisi
1782 1551 1887 1610 operae

1067 1624 1291 1702 typographicae
1310 1624 1484 1696 commodo,
1504 1637 1532 1685 ct
1552 1627 1722 1703 pracsertim
1741 1629 1808 1704 qnia
1829 1627 1887 1695 illi,

1066 1719 1115 1793 tyni
1136 1718 1300 1797 intelligere
1318 1730 1451 1795 possunt,
1470 1719 1625 1780 habebunt
1645 1719 1773 1798 prolecto
1793 1731 1887 1780 tentus

1067 1813 1207 1889 integros,
1227 1813 1255 1870 in
1276 1813 1382 1888 quibus
1400 1813 1561 1872 conterant.

1101 1905 1133 1962 ln
1145 1903 1270 1964 Theenis
1281 1905 1397 1965 demum
1410 1908 1573 1970 llcltraeum
1592 1905 1782 1985 archetypum
1793 1907 1889 1981 (liebl

1063 2000 1200 2075 usurpavi
1220 2017 1285 2057 cum
1306 2011 1447 2077 apparatu
1462 2001 1504 2058 1)(
1518 2001 1611 2071 Rossi,
1626 2019 1685 2060 non
1702 2001 1835 2079 neglecta
1850 2001 1887 2061 ad

1062 2092 1172 2168 aliquot
1191 2091 1251 2150 loca
1271 2093 1438 2152 licunicott.

1099 2183 1282 2246 Chaldaicam
1303 2185 1505 2264 paraphrasim
1523 2206 1559 2246 ex
1578 2187 1621 2246 1)(
1645 2187 1727 2246 llossi
1751 2189 1886 2258 excitavi,

1061 2279 1110 2338 sed
1130 2279 1260 2340 consului
1285 2282 1373 2339 ctiam
1398 2278 1555 2338 editionem
1581 2279 1691 2358 Polygt.
1717 2281 1837 2340 londin.

1098 2373 1159 2432 Alia
1180 2382 1293 2434 rntnnra
1312 2374 1383 2432 satis
1402 2371 1571 2432 indicantur
1590 2371 1641 2430 ubi
1660 2385 1828 2434 occurrunt.

1100 2467 1150 2524 illc
1169 2477 1213 2525 cst
1231 2476 1397 2543 apparatus,
1415 2483 1451 2522 ex
1469 2481 1527 2540 quo
1543 2473 1633 2522 testes
1648 2461 1805 2524 lectionum
1821 2483 1887 2524 vet·-

1063 2559 1154 2618 sionis
1174 2549 1291 2617 nostrae
1309 2556 1450 2618 desurnsi.
1469 2556 1526 2616 Sed
1545 2556 1611 2615 licet
1630 2575 1645 2614 1
1662 2557 1809 2635 proposito
1823 2577 1887 2618 mee

1063 2651 1193 2710 alienum
1210 2661 1355 2728 putarem,
1370 2661 1401 2710 ut
1418 2661 1530 2727 partem
1545 2649 1641 2726 operis
1656 2651 1749 2710 critici
1764 2651 1792 2710 in
1807 2651 1884 2712 Lxx

1063 2746 1243 2822 arriperem,
1262 2742 1340 2820 quud
1364 2744 1502 2802 lectiones
1522 2759 1624 2802 corum
1644 2759 1747 2802 omnes
1766 2762 1803 2804 ex
1821 2746 1887 2806 uni-

1062 2841 1154 2896 versis
1172 2838 1355 2896 documentis
1374 2835 1533 2895 discuteret
1551 2845 1580 2894 et
1597 2835 1757 2914 judicaret,
1775 2837 1888 2916 dignis·

1063 2931 1170 2991 simum
1189 2949 1259 2992 sane
1277 2931 1421 3002 stadium,
1444 2929 1493 2990 sed
1520 2931 1566 2989 eni
1594 2929 1722 2990 nondum
1746 2941 1846 3009 parata
1871 2951 1886 2990 a

1063 3021 1156 3082 doctis
1175 3025 1309 3082 universa
1330 3023 1458 3084 subsidia
1485 3035 1574 3102 puto;
1600 3041 1658 3082 non
1681 3026 1761 3100 potati
1787 3035 1886 3084 tamen

1064 3117 1227 3186 abstinere,
1251 3118 1323 3192 quin
1349 3117 1497 3176 interdum
1522 3117 1613 3175 crisin
1634 3117 1794 3178 lectionum
1812 3120 1887 3180 Lxx

1063 3211 1249 3289 attingerem,
1273 3221 1302 3268 et
1327 3211 1357 3268 in
1386 3209 1512 3270 Threnis
1541 3212 1685 3268 rationem
1713 3211 1885 3272 varietatum

1063 3315 1180 3364 nostrae
1198 3303 1339 3362 versionis
1358 3305 1444 3362 etiam
1463 3323 1498 3362 ex
1519 3305 1664 3376 llebraeo,
1682 3306 1706 3364 si
1727 3323 1786 3364 non
1811 3323 1887 3366 sem·

1066 3415 1127 3475 per,
1146 3415 1206 3458 non
1226 3416 1292 3456 raro
1312 3408 1410 3456 tameo
1431 3397 1611 3476 indagarem.

1099 3493 1157 3554 Sed
1174 3495 1271 3554 versia
1289 3493 1402 3571 syriaca
1423 3505 1538 3570 praeter
1558 3505 1669 3554 textum
1690 3495 1888 3573 1111013(-

1065 3589 1187 3648 nianum
1209 3585 1293 3647 oliert
1316 3587 1455 3647 lectiones
1479 3587 1671 3664 interpretum
1696 3599 1827 3648 veterum
1859 3603 1886 3650 et

1065 3698 1237 3757 anonymas,
1256 3691 1285 3738 et
1304 3679 1412 3740 scholia
1433 3681 1503 3741 varii
1517 3682 1643 3760 generis,
1658 3691 1687 3740 ct
1700 3685 1789 3742 etiam
1803 3701 1888 3744 voees

1065 3791 1184 3852 graecas
1203 3775 1286 3832 LXX.
1304 3775 1397 3832 l'oces
1416 3791 1535 3852 graecas
1554 3785 1612 3834 non
1639 3776 1722 3854 attigi
1746 3777 1776 3836 in
1802 3781 1889 3848 notis,

1066 3869 1121 3928 nisi
1139 3867 1291 3928 dillerrcnt
1311 3868 1347 3926 ab
1366 3865 1493 3928 editione
1509 3870 1649 3928 pontana.
1668 3871 1769 3928 Cetera
1789 3871 1886 3930 omnia

1064 3959 1182 4020 exhibui
1204 3962 1235 4020 in
1262 3971 1343 4020 textu
1369 3977 1489 4038 gracco,
1513 3961 1593 4022 unde
1613 3959 1780 4035 linxerunt,
1797 3965 1820 4024 si
1840 3962 1886 4024 hic

1065 4051 1136 4112 ntiiri
1161 4053 1312 4130 prestabat
1334 4073 1369 4112 ex
1394 4056 1533 4130 operibus
1555 4073 1620 4114 max
1643 4055 1816 4127 afferendis,
1840 4057 1886 4116 sin

1064 4147 1173 4218 atinus,
1191 4145 1300 4220 latinc;
1325 4157 1355 4206 et
1374 4144 1466 4206 insius
1484 4148 1573 4206 etiam
1591 4145 1713 4208 discussi
1733 4167 1820 4226 quam
1845 4149 1887 4208 ic·

1065 4239 1176 4298 etioncs
1195 4249 1291 4298 textus
1309 4237 1526 4315 discrepantes,
1545 4259 1612 4302 cum
1628 4240 1743 4298 minora
1758 4239 1886 4302 subsidia

1065 4331 1162 4392 critica
1186 4331 1251 4402 illis,
1273 4351 1361 4408 quam
1387 4333 1461 4404 istis,
1483 4343 1641 4412 suppetunt
1667 4335 1695 4394 in
1720 4335 1805 4394 libris
1825 4335 1886 4414 jam

1065 4425 1160 4488 editis.
1179 4427 1273 4504 Opera
1293 4445 1367 4504 tynae
1387 4431 1509 4488 assumsi
1529 4429 1559 4488 in
1578 4446 1684 4512 graeco
1703 4439 1783 4488 nito
1802 4427 1886 4488 cxlii·

1067 4519 1163 4580 hendo
1181 4529 1210 4580 et
1229 4519 1260 4580 in
1279 4519 1458 4580 discussione
1477 4521 1588 4590 critica,
1606 4531 1676 4578 stent
1696 4531 1811 4596 praeter
1835 4523 1888 4578 lle·

1067 4615 1200 4682 brucum,
1220 4613 1414 4688 llexaplorrnn
1433 4613 1570 4690 Origenis
1593 4613 1732 4688 reliquiae
1751 4613 1846 4670 editae
1870 4631 1886 4670 a

1062 4707 1246 4769 llantlaucon
1271 4705 1392 4778 (ttonrt,
1416 4705 1461 4763 vel
1483 4703 1623 4782 pleniusl3
1641 4705 1730 4764 h'otae
1751 4703 1885 4764 alitionis

1062 4803 1222 4868 Romanoa,
1240 4810 1269 4858 et
1288 4797 1435 4860 interdum
1446 4797 1545 4856 Drusii
1562 4815 1635 4874 opus
1653 4799 1781 4856 l'eternrn
1797 4803 1886 4858 inter-

1061 4901 1175 4970 prctnnt
1202 4909 1372 4964 praecorum
1400 4896 1430 4948 in
1457 4897 1546 4950 totum
1581 4889 1613 4948 l'.
1638 4892 1669 4948 T.
1689 4889 1886 4966 Froprncnte;

1063 4986 1172 5046 Catena
1209 4985 1262 5042 pp
1295 4985 1472 5042 Graecorum
1502 4983 1532 5042 in
1561 4981 1714 5042 Micltaeiia
1748 4981 1888 5044 Girialerii

1065 5077 1268 5138 indecentiam
1290 5079 1517 5142 Currtmentariir
1547 5086 1575 5136 et
1598 5075 1818 5152 praecessione
1837 5077 1885 5138 alii

1062 5169 1160 5230 lantes
1191 5169 1284 5230 critici
1314 5176 1343 5228 in
1364 5179 1503 5246 apparatu
1523 5167 1560 5226 ad
1579 5167 1719 5228 lectiones
1737 5170 1886 5232 variantes

1061 5264 1123 5340 jam
1151 5259 1247 5332 allati,
1271 5261 1443 5338 pracsertim
1471 5264 1500 5320 in
1523 5260 1698 5322 lectionibus
1716 5265 1887 5341 anonymis,

1065 5372 1119 5430 pro
1137 5353 1245 5432 quibus
1263 5351 1386 5412 eandem
1407 5363 1525 5414 secutus
1543 5371 1607 5413 sum
1627 5354 1783 5426 rationem,
1798 5371 1887 5430 qrtam

1065 5451 1096 5508 in
1116 5449 1291 5510 lectionibus
1309 5448 1452 5508 versionis
1475 5457 1593 5508 nostrae
1618 5445 1656 5506 ab
1680 5445 1808 5508 editione
1835 5449 1888 5506 llo·

1063 5559 1152 5604 mana
1171 5540 1415 5619 discrepantibus.
1433 5541 1466 5602 ln
1486 5539 1530 5600 his
1550 5546 1629 5601 notis
1647 5551 1763 5620 praeter
1776 5540 1889 5600 brevia-

1063 5636 1162 5700 tiones
1181 5633 1253 5694 1111(
1275 5635 1336 5714 jam
1360 5633 1521 5696 declaratas
1544 5651 1617 5696 usus
1641 5647 1705 5694 sum
1732 5635 1809 5694 istis:
1832 5631 1891 5692 ind.

1682 5743 1712 5776 ss
