4690 6406
1222 165 1423 214 -srtt—

460 333 545 394 attuli
560 331 591 392 in
609 329 758 390 hancrcm
776 325 1010 388 sollicitudinem.
1028 325 1094 398 Qun
1111 323 1192 384 ders
1206 319 1278 384 illud

462 425 493 486 in
516 424 617 500 primis
636 419 930 481 animadvertendum
949 417 1005 479 boc
1023 417 1096 478 mibi
1115 419 1282 497 contigisse,

461 517 540 598 quod
567 517 720 577 rarissime
747 514 829 586 aliis,
857 523 891 572 ut
917 529 984 572 eum
1011 511 1179 586 codicibus,
1209 529 1283 590 quos

463 613 576 690 ctulgo,
595 609 631 670 sd
643 626 764 668 manum
779 607 902 668 editioni
918 624 1034 684 semper
1047 606 1205 677 adstarem,
1217 625 1285 688 cum

464 708 535 765 llaec
545 715 697 764 curaretur
706 704 738 764 in
747 702 868 764 aedibus
877 701 1071 762 Bibliothecae
1083 700 1192 762 nostris
1202 703 1287 778 typis.

466 803 591 862 Textum
610 799 757 877 syriacum
775 815 811 857 ex
831 795 999 876 apographo
1014 813 1080 856 meo
1093 796 1157 856 sine
1172 795 1287 874 punctis

466 893 667 972 compositum,
682 889 853 969 plerumque
864 907 916 968 per
931 907 978 948 me
991 887 1095 964 ipsum,
1106 885 1143 946 ad
1158 885 1288 946 codicem

465 994 561 1065 primo
578 985 767 1058 recidebam,
785 1002 852 1044 curu
872 992 980 1062 puncta
999 982 1098 1040 omnia
1119 971 1289 1052 driccam,

465 1097 540 1158 quae
554 1089 626 1139 suat
640 1077 884 1154 frequentissima,
898 1073 1095 1134 adscriberem
1105 1071 1289 1133 exactissime

467 1190 519 1233 suo
537 1187 670 1250 quaeque
688 1171 762 1242 loco,
779 1179 813 1230 ut
827 1167 918 1228 codex
933 1165 1085 1238 offerebat,
1098 1167 1175 1244 typis
1191 1175 1289 1242 postea

466 1263 655 1344 apponenda,
672 1263 796 1322 omnino
814 1261 925 1337 ubique
950 1269 982 1320 ut
1005 1257 1129 1336 quisque
1146 1260 1290 1337 inspicere

464 1367 559 1434 potest
589 1355 700 1415 iactum
727 1354 759 1412 in
784 1353 966 1432 fragmento,
987 1351 1064 1430 quod
1084 1353 1115 1412 in
1139 1351 1238 1430 tabula
1257 1350 1290 1411 ii·

465 1446 657 1525 thographiea
672 1445 805 1506 exhibeo.
816 1445 947 1506 Alterum
959 1445 1109 1522 exemplar
1122 1456 1223 1524 postea
1238 1463 1289 1506 eu·

466 1543 568 1602 rabam
583 1539 819 1618 exprimendum,
833 1557 901 1600 cum
914 1548 1000 1599 notae
1017 1556 1133 1618 quoque
1145 1557 1227 1600 meae
1240 1539 1305 1620 adlx

462 1637 582 1712 junctae
600 1645 629 1694 ct
649 1634 773 1712 paginae
792 1641 960 1710 compactae
977 1633 1118 1707 inissent;
1139 1635 1218 1711 quod
1236 1634 1290 1694 ite·

467 1749 533 1790 curu
557 1749 626 1790 cum
652 1728 750 1788 codiee
774 1732 888 1806 integre
915 1727 1112 1790 conferebam.
1136 1731 1290 1807 Postquam

465 1825 585 1885 demum
601 1825 662 1902 jum
683 1824 713 1883 in
732 1823 877 1884 torculari
893 1831 957 1882 erat
971 1839 1057 1901 opus,
1076 1841 1130 1882 nce
1145 1824 1207 1902 jam
1221 1821 1292 1902 quid

466 1917 589 1978 distrahi
610 1917 654 1976 rel
675 1917 837 1993 inponetis
857 1925 985 1995 poterat,
1003 1915 1123 1976 tertium
1142 1915 1293 1994 exemplar

467 1999 632 2070 coniectum
657 2007 756 2068 denuo
777 2007 965 2068 conferebam
984 2008 1045 2068 iere
1064 2009 1231 2086 syllabatim
1255 2007 1292 2066 ad

467 2102 612 2172 codicem,
636 2111 662 2160 et
681 2102 704 2160 si
724 2099 795 2177 quid
815 2099 861 2158 vel
882 2100 1004 2160 minime
1023 2101 1055 2160 in
1073 2101 1142 2179 ipsis
1161 2101 1293 2177 punctis,

467 2195 511 2255 rel
528 2195 557 2254 in
572 2193 634 2254 loco
650 2193 861 2273 marginalium
874 2193 1032 2256 lectionum
1048 2203 1078 2254 et
1093 2205 1228 2255 notarum
1244 2213 1293 2256 eu·

466 2292 571 2368 jusque
585 2293 700 2369 generis
711 2290 873 2360 aberraret,
880 2287 1133 2365 scrupulosissime
1145 2289 1293 2362 notabam,

468 2390 499 2444 in
517 2385 659 2445 torculari
679 2383 741 2460 ipso
760 2380 901 2441 curabam
921 2381 1139 2460 corrigendum,
1154 2399 1201 2444 me
1215 2399 1293 2442 sem·

469 2497 520 2555 per
529 2477 674 2548 adstante,
682 2478 734 2552 qui
750 2475 780 2533 in
790 2489 864 2533 noro
874 2473 1033 2552 exemplari
1048 2482 1146 2552 postea
1156 2489 1294 2552 expresso

470 2569 676 2647 inspiciebam,
701 2567 726 2627 si
745 2567 844 2626 omnia
866 2574 998 2628 correcta
1017 2563 1197 2624 adamussim
1223 2564 1293 2624 iuis·

471 2672 546 2724 sent.
563 2662 645 2736 Quae
663 2657 783 2737 quidem
801 2659 900 2718 omnia
920 2675 1037 2734 semper
1057 2657 1199 2736 praestiti,
1213 2675 1294 2735 prae·

469 2765 602 2830 torquem
621 2751 699 2829 quod
720 2769 812 2812 noras
831 2767 916 2812 curas
936 2752 998 2810 istis
1016 2749 1131 2824 addidi,
1151 2750 1203 2810 ubi
1222 2767 1293 2829 opus

471 2847 586 2922 iecisset,
604 2846 650 2905 rel
670 2843 791 2904 dubium
812 2853 979 2922 exurgeret.

508 2941 542 2998 ln
563 2949 643 3000 textu
663 2935 826 3014 sphalmata
844 2935 903 2996 ulia
921 2934 1045 3008 codicis,
1069 2954 1127 2996 non
1147 2938 1222 3006 mei,
1242 2937 1296 2998 aii·

470 3037 535 3111 quia
550 3031 674 3093 tortasse
691 3028 915 3106 deprehendere
934 3030 992 3089 sibi
1010 3029 1159 3091 ridebitur
1184 3031 1229 3090 rel
1248 3051 1295 3092 or·

473 3129 684 3208 thogrnpbiea,
710 3124 757 3185 rel
785 3128 874 3187 etiam
894 3127 1137 3204 grammaticalia.
1156 3129 1231 3188 llaec
1249 3129 1295 3190 vel

468 3219 615 3295 peculiari
635 3217 743 3279 codicis
760 3218 932 3292 conditioni,
948 3220 994 3279 rel
1011 3218 1136 3280 delectui
1152 3239 1298 3300 gramma·

472 3323 599 3375 ttearum
618 3325 785 3375 nostrarum
802 3313 900 3374 danda
915 3325 994 3386 sunt,
1009 3331 1104 3391 neque
1119 3315 1227 3395 attigit,
1244 3335 1298 3376 nce

472 3409 553 3468 enim
573 3419 637 3468 crat
655 3405 743 3468 officii
762 3412 817 3481 sul,
829 3407 899 3468 Skat
917 3407 1045 3469 Rdrdam
1064 3410 1095 3468 in
1111 3425 1163 3469 sua
1180 3411 1296 3470 Discer-

474 3509 580 3562 tottouc
591 3501 626 3560 dc
640 3499 749 3580 repulia
758 3503 960 3578 grammaticis
973 3509 1036 3572 etc,
1049 3502 1205 3583 praemissa
1216 3503 1295 3579 operi

472 3595 552 3654 Libri
565 3591 703 3654 lodicum
721 3603 747 3654 et
766 3594 845 3653 flectit
864 3605 936 3666 etc,
954 3595 1015 3672 ipse
1034 3595 1171 3654 tractabo.
1182 3593 1211 3654 in
1227 3595 1296 3654 Pro-

471 3687 650 3763 lcgomcnis,
667 3705 735 3747 eum
763 3687 800 3748 de
828 3686 977 3748 codicibus
1004 3689 1146 3748 versionis
1164 3705 1260 3768 agam.

466 3811 468 3816 .
508 3780 605 3838 Novas
624 3780 712 3838 etiam
731 3795 835 3849 voees,
854 3779 962 3839 iormas
989 3788 1019 3838 et
1049 3777 1298 3856 significationes,

474 3887 549 3947 quas
567 3869 669 3949 collegi
689 3881 720 3930 et
738 3872 832 3948 primo
850 3881 1012 3930 statueram
1030 3868 1099 3929 huie
1120 3869 1219 3930 libello
1245 3873 1297 3932 ad·

473 3964 544 4024 dere
562 3983 629 4028 cum
655 3965 724 4025 locis
744 3963 936 4040 probantibus
963 3981 980 4023 e
1000 3963 1133 4041 pluribus
1160 3964 1298 4041 operibus

473 4059 602 4133 syriacis,
617 4059 721 4117 melios
734 4068 803 4134 puto
818 4055 1009 4117 reservandas
1024 4073 1077 4133 pro
1093 4067 1151 4117 tota
1170 4057 1298 4118 editione

473 4150 503 4208 iu
524 4147 582 4210 fine
597 4149 727 4228 ducilem
748 4159 780 4208 ut
794 4149 880 4208 simul
895 4149 994 4208 omnia
1008 4145 1174 4222 exhibeam,
1182 4147 1220 4208 ad
1232 4151 1298 4209 Ber·

473 4242 571 4302 steinii
591 4243 714 4302 lexicon
733 4251 844 4316 exacta,
862 4243 886 4301 si
903 4252 996 4302 totum
1012 4241 1162 4323 prodicrll,
1177 4245 1223 4303 sin
1243 4244 1297 4303 mi·

474 4351 540 4404 trus,
559 4333 595 4394 ad
615 4334 688 4394 illud
707 4334 996 4397 Castalii-Michaelis.

508 4425 550 4485 ad
567 4435 649 4486 notas
660 4443 739 4486 meos
750 4428 846 4486 venio.
858 4429 890 4488 Ιιι
905 4425 951 4486 bis
965 4428 1091 4505 primurn
1110 4425 1200 4486 oliero
1214 4429 1298 4504 quid·

472 4517 542 4596 quid
556 4521 653 4580 versio
671 4519 785 4598 syriaca
806 4518 895 4580 babet
910 4519 1080 4599 discrepans
1098 4520 1142 4580 rel
1158 4521 1187 4579 in
1207 4523 1297 4582 inte'r·

475 4611 1296 4692 punctioneabeditioneilomonaLXXannilb'tli,quam

475 4707 616 4777 assumsi,
628 4723 688 4766 non
707 4703 851 4766 cdttioocs
869 4715 981 4766 ceteras
1000 4705 1036 4766 ad
1056 4723 1121 4766 eam
1141 4709 1299 4776 institutos,

472 4817 544 4877 quos
566 4797 660 4859 nullas
680 4799 776 4874 reperi
795 4800 916 4858 omnino
935 4797 972 4858 ad
992 4800 1071 4858 illam
1091 4810 1216 4871 exactos,
1231 4800 1298 4860 lieet

474 4913 512 4952 cx
533 4893 607 4952 bona
624 4891 845 4953 correctioncin
856 4889 1146 4952 easdem'varictatcs
1161 4891 1298 4952 indoctae

475 4981 595 5044 inerint.
622 4985 708 5044 Volui
732 4987 811 5044 enim
841 4982 1003 5043 collationis
1026 5001 1159 5044 normam
1184 4995 1298 5046 textum

474 5094 638 5144 assumere,
657 5077 753 5153 quiin
771 5075 962 5135 bibliothecis
980 5075 1084 5135 saltem
1103 5076 1230 5154 ubique,
1254 5077 1298 5137 ecl

475 5169 536 5228 lere
568 5179 689 5229 extaret.
715 5169 750 5230 lit
776 5167 886 5227 nullam
915 5169 944 5226 in
972 5166 1126 5228 collatione
1153 5159 1300 5228 ration‘cm

476 5259 566 5320 habui
584 5261 799 5322 correctionum
815 5257 926 5320 calamo
941 5259 1115 5332 additarum,
1129 5261 1175 5320 rei
1190 5261 1226 5324 ad
1242 5262 1299 5321 cai-

477 5371 540 5412 eem
548 5353 790 5426 affictarum‚eum
802 5357 830 5415 in
842 5353 1110 5432 quatuoreditionis
1118 5353 1194 5415 illius
1203 5373 1300 5414 exem·

475 5447 608 5526 pleribus
624 5461 742 5510 nostrae
758 5449 954 5512 Bibliothecae
970 5467 1028 5510 non
1044 5450 1167 5512 omnino
1181 5448 1298 5511 easdem

478 5543 509 5601 in
538 5543 675 5604 omnibus
703 5547 879 5621 repererim
906 5543 989 5616 licet,
1017 5545 1041 5602 si
1070 5542 1142 5620 quid
1168 5541 1243 5604 iorte
1269 5550 1299 5602 ln

479 5647 631 5715 posterum
651 5635 793 5710 oderant,
810 5639 864 5696 ritu
893 5637 1034 5698 allaturus
1053 5637 1082 5696 in
1102 5637 1180 5696 notis
1196 5653 1249 5718 pro
1268 5653 1301 5698 re

1370 332 1448 386 nata.
1467 325 1629 386 Numerum
1647 339 1785 383 remuom
1803 337 1841 381 ex
1865 318 1994 380 editione
2012 319 2210 380 llolmesiana

1344 444 1348 456 ·
1371 438 1425 500 pro
1438 420 1531 481 critici
1546 427 1702 496 apparatus
1711 415 1867 476 commodo
1881 415 2019 478 desumsi.
2032 414 2203 475 Praemissn

1372 525 1470 576 autem
1489 513 1613 572 lectione
1631 511 1768 574 editionis
1787 514 1947 586 Romanae,
1965 511 2211 591 subjungerem

1374 603 2210 686 versionissyriacae,graece,sidocumentograecacxbi-

1377 705 1475 776 beaut,
1492 705 1537 762 sin
1557 701 1655 773 aliter,
1672 701 1781 774 latinc;
1798 703 1844 761 eui
1863 700 1998 773 adnecto,
2015 703 2097 782 siglis
2115 719 2216 774 usuc,

1377 808 1464 859 testes
1483 813 1584 857 omnes
1601 795 1726 866 criticos,
1745 812 1818 874 quos
1840 796 2042 874 undecumque
2060 785 2212 876 colligere

1377 891 1467 952 licuit.
1485 893 1560 951 Srrnt
1577 897 1675 951 autem
1693 899 1855 966 sequentes,
1870 909 1994 968 quorum
2014 892 2148 954 recensui
2167 901 2207 950 er

1378 984 1450 1064 sigla
1469 1001 1544 1055 mea,
1561 981 1611 1042 ubi
1630 999 1704 1056 opus
1723 993 1778 1056 est,
1795 981 1872 1044 addo
1891 985 1968 1044 inter
1982 1003 2083 1046 uncos.

1413 1081 1577 1156 Apparatus
1598 1075 1800 1136 llolmesianus
1818 1095 1885 1136 cum
1901 1078 1963 1156 cius
1978 1077 2070 1158 siglis.
2083 1081 2209 1140 lloimcs

1379 1189 1493 1248 semper
1505 1167 1760 1230 exeitobrcvitatis
1775 1178 1804 1227 ct
1818 1168 2010 1246 simplicitatis
2024 1191 2122 1246 eausa,
2134 1175 2211 1236 lieet

1377 1261 1520 1340 quidquid
1546 1279 1666 1323 assumo
1695 1262 1785 1320 sciam
1812 1263 1875 1340 ejus
1892 1265 2128 1328 continuatorem
2148 1267 2208 1326 dc-

1378 1356 1467 1418 disse.

1413 1448 1551 1528 Ejusdem
1569 1449 1708 1508 liolmcsii
1724 1449 1804 1528 siglis
1819 1448 1941 1509 servatis
1959 1449 2058 1514 addidi
2071 1454 2212 1518 collatio.

1347 1605 1350 1624 Ι
1379 1561 1446 1601 nem
1460 1541 1567 1602 codicis
1577 1540 1766 1602 Alexandrini
1780 1543 1855 1618 (ill),
1867 1559 1955 1620 quam
1965 1543 2046 1605 dedit
2059 1546 2212 1610 'l'iscbcu-

1380 1635 1450 1694 dori
1464 1654 1500 1695 ex
1519 1652 1607 1712 opere
1626 1635 1740 1714 ilcrveji
1760 1635 1854 1694 liaber
1872 1635 1902 1694 in
1922 1653 1974 1696 sua
1994 1641 2122 1700 secunda
2141 1641 2212 1700 cdi-

1382 1733 1460 1791 tionc
1477 1731 1564 1789 Lxx.
1582 1731 1647 1804 lpse
1665 1745 1750 1800 vero,
1776 1727 1839 1788 iere
1857 1728 1894 1786 ab
1921 1727 2004 1788 initio
2022 1728 2216 1808 deprehenso

1381 1823 1535 1882 oscitantia
1564 1819 1720 1892 llolmesii,
1746 1819 1867 1882 adhibui
1896 1821 1926 1880 in
1954 1823 2035 1884 iontc
2062 1824 2212 1888 editiones

1382 1915 1619 1992 Compluteusem
1639 1925 1668 1974 et
1687 1911 1834 1974 Aldinam.

1418 2007 1510 2067 Editio
1528 2006 1634 2066 codicis
1651 2006 1783 2066 Vaticani
1803 2003 1988 2067 celeberrimi
1999 2025 2051 2088 per
2066 2009 2215 2072 cardina·

1383 2099 1440 2160 lem
1459 2101 1620 2170 blaitvml
1635 2101 1770 2162 Asterisci
1791 2099 1879 2159 additi
1898 2101 2076 2182 siglisbujus
2095 2113 2123 2164 et
2139 2103 2217 2164 aiio·

1384 2213 1450 2254 rum
1470 2192 1603 2254 codicum
1619 2193 1751 2252 indicant
1765 2195 1883 2252 cuinam
1898 2193 1997 2254 manui
2012 2193 2128 2255 dandae
2144 2195 2211 2256 sint

1383 2289 1531 2346 lectiones.
1552 2289 1716 2364 Aegyptum
1745 2287 1870 2362 patriam
1898 2286 1961 2365 ejus
1988 2284 2092 2346 dieunt
2111 2286 2213 2358 docti,

1383 2377 1434 2438 scd
1454 2397 1492 2438 nc
1508 2380 1551 2438 eis
1570 2379 1715 2436 assentiar
1742 2377 1824 2454 plura
1848 2397 1895 2436 mc
1923 2377 2107 2458 impediunt,
2134 2400 2216 2460 quae

1384 2472 1413 2532 in
1435 2472 1654 2549 Prolegomenis
1672 2470 1824 2542 disseram,
1834 2481 2008 2550 argumenta
2027 2473 2115 2533 etiatu
2137 2493 2214 2536 eon·

1383 2563 1492 2626 traciae
1510 2564 1657 2642 opinionis
1675 2563 1843 2624 discutiens.

1418 2657 1538 2717 Collatia
1556 2655 1744 2717 Thronocum
1764 2659 1793 2728 l,
1812 2659 1908 2726 l-ll,
1930 2657 2093 2719 mendicis
2112 2659 2219 2720 Fride-

1384 2751 1623 2828 rieo-Augustani
1639 2767 1675 2809 ex
1692 2747 1820 2808 editione
1837 2751 1914 2809 Lxx
1926 2749 2138 2810 ’lisebcndorlii
2147 2750 2214 2830 jam

1385 2843 1470 2903 uliata
1488 2846 1565 2919 (rt).

1420 2939 1569 2998 Lectiones
1587 2939 1735 2998 variantes
1756 2937 1784 2997 in
1807 2937 1883 2996 notis
1903 2933 2039 2996 editionis
2059 2935 2213 2998 Romanae

1384 3041 1414 3090 ct
1434 3029 1569 3090 Flaminii
1589 3031 1684 3091 Nobili
1704 3031 1778 3090 e'Vl
1801 3033 1892 3090 Tomo
1910 3029 2020 3108 Polygl.
2039 3028 2214 3092 londinen-

1385 3115 1476 3197 sium,
1495 3143 1555 3185 non
1575 3125 1682 3184 omissa
1710 3135 1811 3184 tamen
1839 3141 1892 3204 pro
1919 3123 2054 3183 secundis
2081 3125 2213 3185 editione

1388 3219 1529 3280 versionis
1550 3217 1660 3278 latinae
1679 3219 1766 3290 Lxx,
1784 3219 1893 3278 Romae
1911 3217 1986 3277 edita
2007 3237 2055 3277 ao.
2075 3219 2156 3278 lusu.

1422 3313 1466 3372 lld
1485 3312 1599 3372 Boruch
1617 3307 1954 3394 ctpportem'extremam
1974 3309 2162 3370 ‘l'brcnorum
2181 3313 2211 3372 in

1385 3407 1451 3466 ullis
1470 3408 1537 3466 loeis
1555 3425 1627 3467 usus
1646 3424 1711 3466 sum
1732 3405 1890 3466 collatione
1908 3417 1938 3466 et
1961 3407 2134 3484 fragmentis
2162 3424 2212 3466 co-

1385 3501 1457 3560 dicis
1476 3499 1603 3561 chisiani
1623 3499 1774 3572 (llolmesii
1792 3498 1838 3570 88)
1856 3497 1942 3558 editis
1961 3517 1977 3556 a
1997 3497 2159 3556 Blaucbino
2181 3499 2211 3556 in

1394 3593 1543 3654 Viridieioc
1553 3595 1622 3652 Con.
1631 3597 1864 3669 scripturorum,
1876 3602 1905 3651 et
1921 3591 2092 3672 allagistris
2105 3593 2217 3651 Daniel
2301 3623 2303 3627 ·

1386 3685 1543 3746 acciendum
1562 3687 1650 3746 LXX.
1671 3687 1822 3764 diapirtris
1839 3683 1905 3754 dico
1924 3703 1960 3744 ex
1975 3704 2029 3746 usu
2050 3688 2214 3756 communi,

1386 3799 1401 3838 o
1423 3796 1469 3837 me
1482 3778 1608 3838 alienum
1625 3789 1730 3856 putans
1743 3778 1886 3856 corrigere
1895 3777 1979 3855 juxta
1993 3777 2071 3840 dicta
2085 3781 2113 3838 in
2125 3783 2212 3837 Prae·

1386 3867 1667 3932 iationeleaccbiclis
1682 3889 1699 3930 e
1717 3870 1781 3932 cod.
1797 3871 1945 3944 Cbisiano,
1962 3881 1995 3930 ut
2005 3873 2160 3932 Vincentio
2175 3874 2214 3933 dc

1385 3965 1513 4042 Regibus
1533 3962 1671 4034 tribuam,
1691 3983 1727 4022 ne
1745 3963 1903 4024 lectoribus
1921 3963 2123 4024 confusionem
2144 3965 2213 4043 inji·
2317 3999 2318 4024 ι

1386 4059 1471 4118 eiam.
1490 4059 1554 4116 lam
1576 4057 1622 4116 ille
1641 4057 1750 4116 furtum
1767 4057 1962 4133 praescripsit.

1422 4151 1456 4210 ln
1476 4149 1604 4210 Thrcnis
1623 4151 1699 4208 locos
1721 4148 1796 4208 ulios
1810 4149 1917 4209 codicis
1931 4149 2120 4210 liarcbaiiani
2134 4153 2212 4222 (liol-

1388 4244 1472 4303 mcsii
1491 4244 1557 4315 Xli)
1575 4259 1612 4302 cx
1625 4241 1759 4320 hexaplis
1774 4243 1910 4321 Origenis
1928 4241 2014 4301 editis
2034 4243 2213 4302 ailontiau·

1386 4355 1441 4397 con
1455 4337 1587 4396 excitavi.
1597 4335 1760 4396 liditiouem
1770 4336 1850 4396 enim
1864 4355 2005 4412 nuperam
2019 4337 2116 4415 operis
2127 4337 2213 4396 istius

1388 4449 1439 4508 per
1454 4431 1561 4494 Dracb.
1576 4448 1591 4489 a
1606 4430 1702 4508 iligna
1713 4428 1810 4488 datam
1825 4430 1942 4489 Parisiis
1958 4449 2005 4488 an.
2024 4429 2153 4500 tuti-uo,
2166 4448 2213 4487 ae·

1387 4524 1469 4602 erpi,
1493 4541 1559 4582 eum
1579 4523 1672 4601 major
1691 4539 1757 4601 pars
1776 4519 1962 4582 Thrcnorum
1983 4523 2125 4600 impressa
2148 4521 2212 4598 jam

1387 4628 1460 4676 erat.
1488 4617 1566 4674 Bona
1590 4614 1695 4694 adjecit
1714 4615 1759 4673 vir
1778 4612 1928 4674 liebroicis
1946 4625 1976 4674 et
1995 4613 2154 4674 rabbinieis
2175 4613 2209 4672 li-

1388 4711 1456 4768 teris
1475 4707 1668 4779 doctissimus,
1685 4707 1735 4766 scd
1757 4705 1863 4766 mirum
1883 4719 2024 4784 quantam
2045 4708 2210 4786 neglexerit

1384 4803 1445 4880 jam
1470 4803 1548 4880 operi
1577 4819 1630 4862 suo
1658 4811 1787 4878 paratam
1808 4801 1959 4860 materiem
1981 4801 2010 4860 in
2030 4801 2208 4860 editionibus

1386 4895 1528 4954 versionis
1547 4905 1664 4954 nostrae
1682 4911 1734 4973 per
1753 4893 1855 4969 Erguti
1874 4904 1904 4953 et
1921 4891 2121 4970 bliddeidorpi,
2133 4903 2161 4951 et
2178 4897 2208 4950 in

1388 4987 1603 5065 :ippcmiieibus
1623 4987 1833 5058 llolmesianis,
1861 4997 1893 5045 ut
1922 4987 2034 5046 ruinora
2063 4985 2211 5043 omittam.

1389 5083 1423 5141 Ει
1442 5081 1573 5142 muneris
1592 5081 1637 5141 sui
1667 5091 1730 5141 erat
1761 5080 1881 5158 quidem
1905 5077 1977 5138 hace
1997 5077 2122 5144 addere,
2141 5095 2209 5135 eum

1388 5171 1530 5234 editiones
1557 5171 1729 5232 ecbisinno
1755 5171 1854 5230 codice
1877 5181 1907 5230 et
1929 5169 2162 5248 Norbergianam
2193 5185 2210 5228 e

1388 5275 1489 5323 nostro
1507 5265 1621 5342 syriaco
1640 5281 1699 5324 non
1718 5261 1860 5323 omiserit.

1423 5355 1519 5415 Codex
1530 5355 1741 5415 ambrosianae
1752 5353 1956 5426 Bibliothecae,
1965 5356 1997 5413 E.
2006 5355 2033 5414 5.
2048 5353 2114 5424 lui,
2125 5355 2207 5434 cujcrs

1388 5451 1533 5523 specimen
1552 5447 1671 5508 exbibet
1692 5448 1790 5509 tabula
1804 5447 2015 5528 lithographicn
2035 5464 2139 5526 graeca
2155 5450 2208 5522 (a).

1390 5541 1492 5600 ucecia
1501 5543 1613 5602 Bnrueb
1624 5543 1672 5612 lli,
1681 5543 1716 5602 ih
1727 5543 1763 5602 ad
1778 5543 1866 5603 iidem
1879 5540 1959 5611 libri,
1973 5539 2083 5600 ultien.
2098 5541 2174 5610 1·tt,
2186 5542 2210 5600 ἓ.

1390 5633 1460 5692 iluic
1478 5633 1578 5693 addidi
1598 5635 1627 5694 in
1644 5633 1757 5694 hartreb
1776 5635 1939 5714 fragmenta
1959 5651 2064 5712 gmcca
2083 5631 2210 5692 duorum
