4690 6406
140 449 234 514 eta.
288 443 409 512 dlehus
433 441 521 510 uitae
547 447 622 508 tuae
646 447 683 508 ut

141 566 174 628 tt
295 561 395 630 laeias
420 578 480 648 per
496 559 644 644 singulos
680 609 685 618 .

298 691 405 742 annos
420 674 523 741 semel
548 673 582 739 in
607 689 666 738 an-

300 803 345 853 no
369 775 402 852 in
426 785 544 852 diehus
568 784 637 852 suis
661 801 779 852 seeun-

295 898 376 966 dum
400 897 508 982 legem
532 895 641 981 ipsius

300 1017 334 1078 et
358 1027 423 1077 nen
447 1008 642 1094 praeteribit

232 1173 239 1186 .
276 1128 320 1192 Et
344 1122 406 1191 erit
430 1121 512 1190 illud
536 1140 554 1189 a
578 1121 695 1190 diehus
721 1119 790 1187 suis

301 1231 399 1301 etde
424 1249 540 1300 mense
565 1230 597 1298 in
622 1247 717 1298 men-

300 1364 370 1414 sem
395 1345 551 1432 qponiam
575 1359 669 1428 prae-

300 1464 434 1544 ceptum
458 1463 630 1525 aeternum

296 1577 357 1638 est·
383 1577 416 1638 et
441 1569 603 1654 seriptum
627 1567 660 1634 in

298 1684 417 1752 tabulis
443 1683 524 1752 caeli
550 1699 652 1767 super

299 1813 415 1864 omnes
440 1796 526 1864 filios
550 1796 644 1864 istra-

300 1908 353 1976 hel
376 1915 414 1975 ul
438 1907 557 1976 iaciant
580 1925 618 1976 ea
643 1923 703 1991 per

298 2022 448 2106 singulos
471 2038 577 2088 annos
602 2020 634 2088 in

299 2135 351 2202 die
375 2134 447 2203 eius
471 2135 573 2210 semel
600 2133 633 2200 in
658 2151 717 2200 an-

299 2267 343 2316 ne
367 2249 401 2318 in
425 2247 695 2334 generationibus

298 2361 447 2447 ipsorum
472 2367 506 2429 et
530 2377 597 2428 non
623 2367 674 2428 est

301 2476 345 2542 illi
371 2475 445 2544 finis
469 2482 658 2560 temporum

298 2587 454 2674 quoniam
479 2587 512 2653 in
536 2604 649 2654 saecu·
735 2647 744 2666 ,

299 2702 329 2768 la
354 2707 405 2770 est
428 2701 601 2768 decretum

274 2817 317 2882 Et
342 2815 441 2881 home
466 2813 522 2899 qui
546 2811 646 2880 luerit
739 2873 743 2882 .

298 2926 443 2994 mundus
467 2933 500 2993 et
524 2941 591 2993 non

299 3040 381 3108 sciet
404 3039 511 3107 farere
534 3037 616 3105 illud

186 3159 212 3221 t.
297 3155 407 3224 indie
433 3152 687 3239 temporiseius

299 3275 337 3336 ut
360 3267 484 3335 adterat
501 3267 643 3336 ohlatie-

296 3396 373 3448 nem
397 3379 638 3466 acceptabilem

300 3493 334 3560 in
358 3498 537 3578 conspeetu
564 3491 689 3560 domini

300 3610 338 3671 ut
362 3603 539 3672 manducet
563 3611 596 3672 et
620 3611 657 3672 ut

300 3717 391 3785 hihat
415 3717 448 3786 in
473 3725 653 3803 conspectu

300 3829 427 3898 domini
452 3829 485 3896 in
509 3830 563 3898 die
586 3831 671 3898 leste
696 3831 768 3896 eius

300 3945 577 4012 exterminaretur

301 4055 458 4124 ethome
483 4055 664 4124 inmundus

300 4177 335 4236 et
359 4167 415 4256 qui
439 4167 612 4254 proximus
636 4175 689 4236 est

301 4283 457 4368 quoniam
481 4281 620 4350 obtatis

301 4413 379 4464 nem
402 4395 538 4463 domine
564 4412 631 4463 non
657 4403 754 4481 opte-

302 4508 340 4576 lit
364 4507 397 4575 in
422 4515 574 4596 tempore
597 4509 648 4595 ip-

304 4621 374 4690 sius
398 4629 570 4708 peceatum
594 4639 692 4690 suum

305 4741 415 4802 sumet
439 4735 540 4804 hemo
563 4734 619 4803 ille

285 4847 326 4912 Et
350 4853 447 4914 erunt
470 4847 609 4916 uenien-

307 4965 358 5026 tes
381 4957 438 5025 tllii
461 4957 597 5026 istrahel

308 5077 342 5137 et
364 5069 521 5139 iacientes
546 5070 666 5157 paseha

308 5185 341 5252 in
366 5192 515 5272 tempore
538 5203 601 5254 sae
624 5185 657 5252 in

304 5297 548 5384 quartadecima
572 5298 626 5368 die

307 5413 432 5482 mensis
455 5412 552 5498 primi
575 5411 616 5480 ad
642 5429 715 5478 ues-

309 5543 420 5610 peram
443 5543 461 5593 a
485 5525 584 5594 tertie
605 5536 715 5594 eutem

308 5639 381 5707 eius
405 5657 510 5726 usque
534 5639 566 5706 in
593 5639 722 5708 tertiam

310 5753 418 5821 noetis
442 5753 596 5840 quopiam

918 260 1095 323 ..253-

1056 443 1111 508 et.
1136 461 1166 509 e.
1192 443 1272 512 duas
1297 449 1408 529 partes
1424 440 1490 510 diei
1506 441 1540 508 in

1192 555 1315 624 lumine
1340 563 1373 624 et
1398 555 1475 622 tiam
1499 572 1576 640 par·
1603 641 1606 648 Ι

1192 674 1258 736 hm
1282 668 1315 736 in
1339 684 1480 752 uespere
1506 667 1570 734 hoc

1188 791 1241 852 est
1265 783 1354 870 quod
1379 784 1549 852 mandauit

1188 897 1341 965 deminus
1367 897 1425 964 tihi
1450 903 1487 964 ut
1511 895 1610 965 sarias
1637 895 1673 962 il-

1189 1010 1245 1077 lud
1270 1011 1303 1077 in
1327 1010 1522 1095 uespertine

1189 1131 1222 1192 et
1246 1141 1313 1192 non
1338 1131 1389 1192 est
1413 1131 1449 1190 ut
1474 1123 1548 1209 quis

1192 1235 1355 1304 sacrificet
1380 1235 1413 1302 in
1439 1235 1530 1302 omni

1189 1349 1270 1415 hora
1297 1347 1431 1416 luminis
1455 1347 1519 1414 nisi
1544 1348 1576 1414 in

1189 1461 1389 1548 uespertina·
1416 1467 1449 1528 et
1473 1467 1511 1526 ut
1534 1475 1624 1526 man-

1188 1573 1287 1640 ducet
1311 1571 1393 1639 illud
1418 1571 1508 1639 horis
1534 1588 1611 1639 ues-
1696 1597 1701 1606 ’

1187 1684 1326 1769 pertinis
1352 1685 1447 1752 tertia
1472 1701 1553 1752 noc-

1156 1793 1160 1800 '
1186 1795 1239 1864 tis·
1266 1802 1299 1864 et
1323 1797 1413 1882 qued
1438 1773 1602 1898 heretis-⁸

1186 1917 1256 1976 tum
1278 1909 1377 1978 tuerit
1401 1926 1441 1976 ex
1466 1909 1619 1977 omnihus

1185 2023 1340 2092 carnibus
1363 2041 1384 2088 a
1407 2021 1503 2090 tertia
1529 2039 1609 2088 noc·
1738 2053 1749 2066 ·

1187 2137 1230 2204 tis
1255 2136 1317 2204 hoe
1342 2135 1374 2202 in
1400 2135 1475 2220 igne
1500 2153 1587 2203 corn-

1186 2250 1327 2318 huretur
1351 2258 1384 2317 et
1408 2267 1475 2316 nen
1500 2267 1557 2316 eo-

1187 2362 1300 2448 quitur
1323 2361 1357 2429 in
1382 2380 1464 2447 aqua
1489 2369 1546 2430 aut

1188 2474 1442 2542 manducauitur
1466 2493 1538 2542 eru-

1186 2586 1266 2654 dum
1291 2587 1350 2656 sed
1374 2588 1407 2654 in
1432 2588 1508 2672 igne
1532 2607 1587 2656 as-

1186 2717 1260 2768 sum
1285 2699 1467 2768 comedetis
1491 2699 1531 2766 il-

1186 2813 1244 2881 lud
1267 2812 1452 2898 diligenter·
1476 2829 1531 2882 ea-

1186 2932 1246 3011 put
1270 2926 1374 3012 ipsius
1399 2945 1475 2995 eum
1500 2926 1551 2992 in-

1184 3039 1327 3108 teraneis
1352 3046 1386 3108 et
1410 3057 1485 3108 eum
1509 3057 1568 3124 pe-

1115 3206 1121 3219 .
1186 3149 1283 3224 dihus
1308 3151 1412 3238 ipsius
1437 3151 1590 3220 assauitis

1186 3265 1613 3352 mmmmwd

1185 3379 1356 3464 frangatur
1380 3395 1421 3444 ex
1445 3377 1600 3444 omnihus

1186 3492 1319 3560 ossibus
1343 3489 1424 3558 eius·
1451 3496 1484 3556 et
1511 3505 1579 3555 non

1186 3606 1249 3675 erit
1273 3605 1443 3674 tribulatio
1468 3605 1501 3670 in
1527 3603 1566 3670 tl-

1138 3749 1143 3762 ·
1186 3719 1239 3788 llis
1264 3719 1399 3788 istrahel
1425 3717 1537 3786 indie
1562 3719 1622 3786 hac

1187 3839 1327 3920 propter
1350 3831 1440 3919 quod
1463 3849 1558 3899 man·

1187 3945 1278 4015 deuit
1302 3946 1457 4014 dominus
1481 3945 1557 4013 filiis
1583 3945 1679 4012 istra-

1186 4059 1240 4128 hel
1265 4058 1373 4127 laeere
1400 4059 1520 4144 paseha

1192 4171 1225 4238 ih
1250 4171 1304 4239 die
1330 4171 1491 4257 temporis
1514 4171 1586 4240 eius

1190 4291 1224 4353 et
1249 4301 1316 4352 non
1342 4285 1405 4352 erit
1429 4284 1576 4354 contria-

1192 4414 1270 4482 gere
1291 4396 1324 4464 in
1348 4413 1386 4464 ea
1413 4414 1511 4465 omne
1536 4415 1575 4466 es
1600 4399 1684 4466 tttlas
1719 4485 1729 4498 ⁸

1194 4509 1350 4596 quoniam
1375 4509 1447 4578 dies
1470 4511 1575 4580 festus

1193 4630 1301 4692 estet
1326 4623 1397 4692 dies
1421 4623 1588 4710 praerepti
1656 4635 1660 4646 '

1192 4748 1260 4798 nen
1284 4739 1335 4800 est
1360 4739 1397 4800 ut
1420 4740 1586 4816 praetere

1100 4857 1104 4866 ·
1192 4851 1267 4910 atur
1290 4843 1332 4911 de
1352 4843 1405 4912 die
1429 4843 1462 4910 in
1487 4843 1577 4912 diem

1193 4957 1234 5024 de
1258 4973 1373 5024 mense
1397 4961 1430 5022 et
1454 4971 1569 5022 mense

1194 5069 1253 5138 sed
1277 5069 1311 5137 in
1336 5075 1486 5155 tempore
1510 5085 1573 5138 suo

1170 5185 1211 5250 Et
1236 5189 1270 5250 tu
1295 5182 1413 5251 manda
1438 5183 1514 5252 hilis
1540 5182 1584 5250 is-

1194 5293 1299 5363 trahel
1323 5302 1361 5363 ut
1385 5294 1504 5363 iaciant
1610 5355 1614 5362 .

1192 5407 1367 5496 paschale
1392 5403 1581 5492 generatio-

1192 5521 1290 5590 nihus
1313 5519 1383 5588 suis
1408 5537 1468 5605 per
1491 5517 1601 5604 singu-

1195 5633 1245 5702 los
1270 5649 1376 5702 aenos
1400 5631 1503 5702 semel
1528 5633 1561 5700 lh

1192 5746 1336 5814 anno‘in
1362 5745 1415 5814 die
1441 5751 1570 5831 tempe·
