4690 6406
965 173 1122 241 ..3-

177 361 271 430 riori:
289 361 369 428 item
383 359 498 438 xvrb,
516 359 556 424 it
578 371 707 444 supere
722 353 812 424 rucis
827 353 897 441 qais
920 354 1000 424 scri·

175 473 266 540 bitur
288 473 309 540 d
331 489 430 540 mauu
453 471 572 539 altera:
597 471 702 552 XVII,
730 470 773 538 ib
800 476 878 555 pust
901 486 998 556 prce-

176 596 263 672 ceptu
286 601 399 652 rasura
422 589 472 652 est
496 582 630 668 capiens
652 591 726 648 suut
749 599 790 650 ex
815 580 938 668 spatio,
967 586 1000 648 et

174 697 298 764 ibidem
314 713 415 783 neque
431 695 477 763 sic
494 695 631 763 omniuo
648 693 814 776 scribitur,
832 692 921 761 rauba
937 709 999 778 pro

175 829 207 874 m
222 808 344 876 lineola
360 807 595 894 superscripta,
612 827 675 894 qua
692 805 906 892 inscriptura
924 819 1000 872 cum

175 929 293 990 nestro
316 921 394 990 iacit
408 921 562 1006 Evangel.
588 919 742 988 Matthaei
765 936 807 987 ex
824 919 904 988 Cod.
924 918 999 986 Cla·

175 1033 494 1116 remuneremini,
523 1051 613 1102 nunc
635 1033 791 1102 Vaticano
824 1030 950 1101 editum
982 1049 1011 1098 a.

174 1149 237 1218 Mai
262 1150 297 1216 in
313 1148 424 1236 script.
448 1149 480 1214 V.
496 1149 537 1214 N.
558 1147 645 1230 Coit,
662 1148 697 1214 T.
716 1147 769 1228 111,
786 1145 822 1212 P.
839 1145 868 1212 11
884 1162 916 1230 p.
933 1144 1001 1212 260

176 1271 210 1330 et
233 1265 314 1343 275,
341 1263 432 1330 biett.
457 1261 517 1342 Vl,
546 1261 608 1340 23,
633 1260 713 1352 xxa.
740 1259 799 1324 15:
824 1259 925 1338 XVII,
959 1259 1000 1325 re

175 1395 191 1437 s
216 1374 250 1438 in
269 1372 334 1440 iilis
351 1373 455 1459 prima
471 1389 570 1440 manu
587 1371 693 1438 lineae
709 1369 810 1439 ductu
827 1376 860 1439 et
876 1377 1000 1456 puncto

177 1487 335 1571 imposito
368 1485 580 1570 reprobatur:
611 1486 698 1565 XIX,
723 1485 744 1552 Ξ
768 1493 797 1551 et
828 1490 904 1554 aute
935 1504 1001 1552 cece

177 1597 437 1684 superscribitur
452 1597 554 1681 prima
572 1615 686 1665 manu:
700 1597 788 1680 xlx,
806 1597 850 1666 32
867 1615 908 1667 ex
925 1615 1003 1666 cou-

1091 351 1217 423 ditione
1235 309 1378 424 ⁸lacunae
1400 362 1534 422 stentem
1557 371 1624 423 nun
1648 351 1790 425 babebat
1813 371 1916 425 mem-

1091 467 1193 535 brana
1217 473 1348 536 nostra:
1374 470 1465 551 XXI,
1491 471 1510 537 7
1536 468 1681 538 secunda
1699 487 1799 537 mauu
1824 469 1915 538 deie-

1084 588 1147 678 'tur
1174 581 1280 650 lineae
1309 582 1452 650 tractui
1477 581 1509 649 iu
1533 583 1609 668 qaid
1636 591 1683 650 et
1698 581 1918 668 superscribi-

1093 700 1147 761 tur
1171 715 1198 764 o.

1139 806 1331 892 Reliquum,
1364 815 1400 875 ut
1432 809 1597 877 declarem
1621 827 1674 877 me
1704 828 1770 876 nou
1800 825 1918 876 omnes

1093 919 1227 988 omuino
1252 923 1408 990 Veterum
1432 921 1608 990 latinarum
1624 921 1822 990 versionum
1850 920 1917 988 sive

1093 1031 1335 1102 Receusiouum
1359 1034 1514 1120 reliquias
1537 1035 1643 1104 editas
1659 1035 1700 1102 ad
1721 1053 1838 1102 manus
1863 1035 1919 1100 ba-

1093 1145 1216 1228 buisse,
1238 1145 1282 1212 ita
1299 1153 1335 1214 ut
1351 1155 1443 1216 certo
1460 1147 1583 1216 certius
1602 1147 1682 1216 mibi
1699 1154 1830 1216 constet
1846 1146 1918 1214 iue-

1093 1257 1199 1328 ciitum
1215 1275 1288 1326 esse
1314 1259 1403 1344 quod
1427 1260 1574 1344 proierc:
1599 1259 1628 1326 si
1652 1267 1761 1328 tamen
1788 1277 1828 1326 er
1853 1257 1917 1326 aiic

1094 1369 1214 1440 codice
1228 1371 1296 1458 jam
1313 1379 1459 1456 prestet,
1477 1389 1610 1458 semper
1625 1373 1715 1440 utilis
1733 1372 1795 1441 erit
1807 1379 1917 1440 textus

1092 1483 1329 1554 Ambrosianus
1354 1503 1395 1554 ex
1418 1491 1550 1554 vetuste
1569 1485 1689 1554 codice
1714 1485 1832 1553 saltem
1857 1501 1917 1569 pro

1096 1597 1281 1666 collatione.
