4652 6408
800 541 810 552 ,
852 451 1240 546 vntubbltlbtl
1334 555 1335 559 Ν

138 730 172 759 ὦ

432 691 909 824 bvlltutll
997 690 1306 904 Sllltll
1384 692 1661 824 totta

522 975 573 1082 ll
602 975 762 1084 lltlll
791 975 943 1082 llllll
972 976 1176 1084 llllltllt
1204 977 1281 1084 llll
1312 976 1571 1084 lllllllbll

778 1247 1318 1304 Ἦ...-

883 1583 1210 1650 obturatio.

218 1931 303 1994 Cum
327 1921 517 1992 incidissem
535 1921 568 1988 in
584 1927 752 1990 vetustum
765 1923 1000 2005 Fragmentum

172 2037 311 2106 latinurit
346 2035 514 2120 Evangelii
552 2036 585 2102 S.
623 2035 731 2102 Lucae
767 2033 924 2102 differens
959 2034 1000 2102 ab

172 2169 278 2237 opere
297 2152 330 2218 S.
352 2147 562 2232 Hieronymi,
588 2153 622 2214 et
641 2145 806 2227 acetaria,
831 2163 912 2230 quas
929 2145 1000 2214 edi-

173 2266 295 2331 derunt
319 2261 521 2330 lllancbinus
552 2265 586 2328 et
622 2259 782 2338 Sabatier,
816 2259 884 2326 sive
924 2262 1002 2328 ller-

172 2374 335 2454 sionibus,
360 2373 429 2440 sive
454 2372 726 2454 liecensionibus,
751 2371 862 2438 statim
886 2370 919 2438 in
937 2372 1003 2457 pri-

174 2505 229 2554 mo
261 2489 335 2572 ipsu
359 2488 622 2554 blcrvutrnnrottutr
653 2484 811 2554 fasciculo
835 2484 1003 2554 edendum

172 2601 314 2669 decrevi.
340 2599 437 2668 Nolui
450 2607 562 2667 tamen
586 2598 640 2666 hic
664 2615 762 2683 agere
787 2598 828 2666 de
844 2597 896 2678 iis,
917 2615 1002 2684 qnae

173 2713 350 2782 occasione
379 2712 479 2798 bujus
512 2709 701 2794 Fragmenti
734 2709 897 2794 disputari
929 2727 1006 2794 pos-

173 2832 248 2892 sent
283 2823 514 2909 quaestionem
547 2839 688 2920 quanam
717 2837 837 2908 nempe
869 2823 998 2892 ratione

173 2957 210 3004 se
240 2937 361 3006 babeat
384 2935 501 3006 Persio
534 2935 602 3003 sive
635 2933 796 3002 liecensio
819 2940 933 3002 nostra
957 2934 999 3002 ad

174 3061 302 3120 ceteras
326 3052 359 3118 in
392 3049 457 3117 illis
493 3049 651 3135 operibus
687 3048 792 3116 editas
829 3055 927 3133 atque
963 3047 1003 3114 ad

175 3167 280 3247 ipsam
293 3161 591 3245 llieronym'ranam,
610 3179 709 3248 quam
726 3167 855 3230 constat
872 3179 913 3228 er
930 3159 1003 3246 ipso
1028 3209 1031 3220 .

174 3279 207 3343 S.
234 3275 389 3344 bnatoris
425 3261 617 3342 testimonio
642 3273 837 3340 advntores
863 3273 930 3357 J'am
962 3271 1003 3338 il-

175 3389 237 3456 lius
262 3396 415 3473 tempore
440 3386 581 3456 Codices
598 3389 754 3468 Graecos,
771 3406 827 3453 aec
842 3387 896 3472 qui
919 3387 1003 3452 mul-

172 3513 239 3568 tum
273 3499 458 3568 electione
485 3501 603 3568 tottam
636 3500 855 3568 mansetudine
886 3501 1003 3568 dnae·

170 3623 286 3698 portant
308 3619 492 3680 correctam
517 3613 638 3693 luisse;
664 3620 697 3680 et
715 3631 856 3698 quanam
882 3613 1004 3682 iterum

172 3725 303 3792 ratione
339 3743 375 3792 se
411 3725 531 3794 babeat
562 3725 594 3792 itt
629 3725 828 3794 lectionibus
861 3726 930 3794 suis
958 3727 1003 3810 ad

173 3844 278 3906 testes
302 3837 551 3924 antiquissimos
574 3839 612 3904 tv.
641 3840 688 3920 T,
719 3843 817 3922 atque
842 3837 925 3906 adeo
961 3840 1002 3908 ad

173 3951 281 4036 ipsius
305 3951 536 4022 detensiones.
563 3953 611 4018 lle
643 3950 763 4038 quibus
796 3951 905 4036 plura,
927 3951 1001 4036 qui-

172 4065 250 4132 dem
275 4083 295 4129 a
320 4063 471 4148 pluribus
488 4063 553 4148 legi
569 4063 753 4148 disputata,-
776 4081 861 4147 quae
881 4070 1000 4142 tamen,

174 4187 221 4244 ut·
235 4177 318 4248 mibi
331 4176 471 4259 videtur,
488 4177 569 4246 salis
594 4178 813 4259 infirmantur,
826 4195 890 4262 qua
908 4183 1000 4260 parte

173 4289 259 4356 adeo
283 4287 493 4371 systematice
526 4289 747 4368 deliniuntur,
779 4298 849 4358 tum
874 4289 1001 4358 dissen-

174 4403 271 4470 sione
297 4402 526 4470 Tractatorum
550 4402 637 4470 inter
660 4420 706 4483 se,
733 4409 802 4470 tum
827 4419 1002 4486 argumen-

177 4515 219 4582 tis
244 4531 286 4582 er
315 4513 453 4582 ltisloria
486 4521 518 4582 et
547 4533 588 4580 er
621 4514 691 4598 ipsa
724 4513 802 4582 crisi
826 4513 1000 4594 desumtia,

173 4643 320 4712 quorum
346 4626 440 4711 plura
466 4627 634 4710 congessit
658 4626 776 4694 sclott
801 4626 833 4692 in
858 4641 917 4696 sua
932 4627 1002 4692 laa-

173 4759 252 4826 qogt
275 4738 563 4804 Historiae-critice
586 4739 620 4802 in
645 4738 792 4808 bibb..lll.
818 4739 853 4806 lt'.
882 4756 999 4818 sacros,

173 4853 225 4936 ἧς.
252 4853 410 4922 tau-tat.
440 4855 521 4918 bam
546 4852 635 4920 utilis
668 4853 816 4936 prolecto
849 4851 999 4920 tractatio

174 4947 290 5048 ass'et,
321 4965 382 5032 sed
414 4973 448 5030 et
480 4963 585 5030 otium
610 4979 764 5048 magnum
797 4962 936 5048 requirit
967 4971 999 5031 et

173 5079 294 5162 longas
328 5076 615 5160 investigationes,
652 5076 720 5144 lere
753 5075 889 5147 ridicula
922 5093 1000 5144 vero

171 5199 362 5275 appareret,
392 5191 419 5258 si
453 5191 561 5274 parvis
584 5189 681 5258 istius
705 5189 893 5273 Fragmenti
923 5187 999 5256 reli-

169 5303 263 5388 quiis
294 5303 459 5386 praeiret;
492 5301 635 5387 ideoque
666 5307 855 5385 opportune
890 5317 1000 5366 veser-

169 5413 278 5480 vanda
304 5413 354 5493 iis,
380 5414 447 5498 qui,
472 5413 601 5481 collatis
619 5413 764 5498 undique
779 5413 894 5497 copiis,
914 5412 1001 5478 inter

167 5543 260 5612 quas
286 5525 500 5611 dignissimae
537 5533 613 5594 sunt
653 5523 786 5594 Latinae
823 5523 1000 5592 versiones

168 5641 247 5708 sive
260 5641 491 5721 detensiones,
500 5658 570 5708 rem
584 5641 720 5726 ipsama
736 5637 876 5708 summis
893 5636 1003 5708 causis

167 5753 374 5837 investigare
398 5763 432 5822 et
464 5754 602 5824 delinire
634 5755 765 5822 vellent.
796 5756 865 5822 lloc
898 5769 1003 5820 unum

167 5865 445 5945 animadvertam,
470 5866 560 5951 quod
584 5864 723 5952 quisque
748 5883 808 5949 per
824 5881 860 5932 sc
882 5865 949 5932 lere
967 5863 999 5934 in

1093 1921 1247 1990 omnibus
1260 1921 1509 2008 deprehendere
1528 1923 1650 2008 poterit
1667 1941 1707 1990 er
1725 1923 1795 2008 ipsa
1813 1922 1923 1991 Gries-

1092 2033 1199 2102 bacbii
1244 2034 1390 2140 editione
1431 2033 1532 2102 altera
1567 2034 1649 2101 ll'ovi
1698 2035 1922 2114 Testamenti,

1095 2152 1221 2213 textum
1246 2147 1435 2231 Fragmenti
1459 2146 1594 2232 plenum
1610 2165 1685 2216 esse
1708 2147 1922 2228 lectionibus,

1095 2275 1178 2348 quae
1212 2259 1420 2326 consentiant
1457 2277 1532 2326 cum
1568 2259 1707 2326 vetustis
1744 2258 1922 2326 codicibus

1095 2371 1238 2452 Graecis,
1264 2371 1460 2458 praesertim
1477 2373 1516 2452 b,
1541 2377 1574 2437 et
1595 2387 1670 2437 cum
1683 2370 1826 2456 antiquis
1844 2374 1923 2438 ver-

1095 2481 1245 2548 sionibus
1270 2481 1338 2550 sive
1363 2481 1626 2550 becenslcn'bns
1650 2482 1771 2552 latinis.
1793 2481 1922 2550 criticis

1097 2595 1196 2680 igitur
1212 2595 1467 2680 quaestionibus
1480 2585 1626 2676 omissis
1644 2593 1809 2679 reliquum
1825 2601 1925 2662 estut
2056 2669 2060 2686 ⁸

1096 2707 1221 2789 dicam,
1246 2723 1330 2792 quae
1356 2707 1397 2774 ad
1414 2706 1641 2776 conditionem
1658 2708 1926 2776 membranarum

1090 2819 1249 2902 attinent,
1274 2827 1307 2886 et
1330 2819 1371 2886 ad
1395 2819 1575 2904 rationem,
1601 2838 1664 2906 qua
1691 2838 1747 2888 eas
1771 2821 1922 2896 exhibeo,

1136 2932 1386 3001 Ebibliotbeca
1412 2933 1572 3001 Coenobii
1596 2934 1770 3002 Bobiensis
1795 2937 1828 3001 S.
1855 2938 1919 3002 Co,-

1096 3047 1243 3114 lumbani
1266 3046 1299 3114 in
1324 3054 1473 3137 nostram
1490 3047 1697 3132 immigrasse
1713 3049 1923 3116 membranas

1097 3161 1285 3244 Fragmenti
1311 3167 1357 3240 et,
1384 3167 1560 3245 postquam
1585 3160 1639 3226 alii
1658 3159 1770 3228 codici
1788 3162 1925 3244 conjun-

1097 3277 1167 3338 ctae
1184 3271 1344 3354 luisseut,
1370 3289 1437 3338 non
1454 3273 1567 3340 multis
1585 3273 1703 3340 abhinc
1720 3274 1814 3340 annis
1831 3289 1923 3339 com-

1097 3391 1208 3468 pactas
1241 3401 1316 3452 esse
1348 3385 1390 3450 ad
1423 3385 1545 3452 calcem
1569 3385 1681 3452 codici
1707 3386 1831 3468 paritor
1858 3389 1922 3452 llo-

1096 3495 1201 3564 biensi
1219 3498 1253 3564 C.
1273 3499 1326 3564 73.
1345 3496 1417 3576 lnl.,
1435 3495 1555 3580 colligo
1581 3513 1621 3562 ert
1646 3495 1813 3580 pluribus,
1839 3517 1923 3582 quae
2042 3547 2050 3564 ,

1096 3627 1249 3678 enarrare
1282 3609 1398 3678 inutile
1422 3609 1614 3678 criticorum
1639 3610 1751 3678 studio
1777 3620 1809 3678 et
1835 3620 1924 3680 esset

1095 3723 1263 3830 abutentis
1296 3723 1374 3790 otio.
1407 3725 1455 3790 De
1486 3722 1607 3791 Codice
1641 3726 1675 3790 C.
1710 3726 1763 3792 73.
1795 3726 1853 3791 lnl.
1883 3728 1922 3792 cl.

1096 3839 1224 3920 Peyron
1250 3837 1283 3904 in
1308 3836 1358 3920 iis,
1376 3837 1519 3922 quaeda
1539 3835 1744 3906 Bibliotheca
1764 3837 1920 3906 bobiensi

1095 3950 1228 4036 scripsit
1259 3950 1292 4016 in
1321 3968 1423 4036 opere
1449 3951 1607 4018 Ciceronis
1632 3951 1819 4017 oratiorium
1843 3957 1921 4030 etc,

1094 4079 1125 4146 p.
1142 4065 1203 4130 l3l
1224 4081 1315 4149 seqq.
1335 4064 1395 4132 Cui
1412 4063 1548 4132 notitiae
1566 4064 1661 4131 liceat
1678 4063 1830 4148 adiicere,
1850 4081 1944 4148 pat·-·

1095 4181 1160 4242 tem
1184 4175 1325 4260 primam
1349 4175 1558 4260 Palimpsesti
1584 4177 1810 4244 continentem
1837 4177 1922 4242 ileli-

1092 4287 1183 4373 quius
1204 4289 1367 4356 Trecentos
1382 4289 1417 4354 t'tt
1433 4291 1549 4354 bucam
1566 4289 1688 4356 editam
1706 4290 1808 4357 luisse
1825 4309 1842 4356 a
1861 4290 1921 4356 llai

1093 4399 1126 4466 itt
1149 4399 1260 4485 script.
1293 4401 1352 4466 Vct.
1377 4401 1456 4466 Nou.
1490 4399 1567 4466 uolt.
1594 4403 1628 4467 T.
1654 4403 1715 4482 lll,
1748 4403 1835 4468 Pavt.
1870 4404 1897 4468 ll
1912 4455 1918 4482 ,

1094 4531 1124 4596 p.
1145 4513 1220 4594 llltl,
1237 4529 1343 4597 seqq:
1366 4512 1502 4580 alteram
1519 4529 1597 4582 varo
1616 4496 1825 4597 Palimpsesti
1843 4531 1919 4600 par·
2021 4519 2024 4526 ’

1094 4632 1161 4692 tem
1197 4643 1264 4692 non
1295 4623 1430 4694 lacinias
1455 4624 1584 4692 Veteris
1616 4625 1714 4692 italae
1748 4645 1823 4694 ram
1856 4625 1920 4692 alio

1093 4736 1281 4819 apocrypho
1305 4736 1390 4804 libro
1416 4737 1599 4818 continere,
1617 4746 1653 4804 ut
1674 4740 1754 4806 mibi
1780 4740 1918 4821 videtur,

1093 4854 1166 4934 sed,
1191 4863 1352 4940 quantum
1377 4856 1525 4940 comperi
1549 4855 1758 4939 expluribus
1779 4859 1917 4942 paginis.

1093 4985 1175 5053 quas
1202 4967 1282 5034 mibi
1314 4967 1491 5052 exscripsi.
1525 4985 1628 5034 nuum
1662 4985 1747 5050 opus
1780 4987 1917 5052 apocry-

1093 5079 1206 5165 phum,
1224 5085 1490 5163 superstructum
1507 5080 1643 5164 quidem
1654 5081 1772 5148 Genesi
1791 5081 1823 5146 in
1836 5081 1926 5158 nitri·-

1095 5191 1154 5271 tis,
1179 5209 1278 5276 quatu
1302 5191 1400 5260 etiarn
1424 5191 1476 5258 bic
1501 5192 1567 5260 illic
1592 5192 1633 5259 ad
1657 5192 1784 5258 literam
1802 5195 1916 5270 vertit,

1094 5301 1152 5370 sed
1188 5302 1277 5386 quod
1309 5303 1370 5373 alia
1403 5305 1539 5372 omnino
1570 5305 1699 5372 diversa
1732 5306 1917 5376 immiscet.

1093 5413 1203 5496 prouti
1228 5421 1279 5482 est
1307 5413 1405 5482 etiam
1434 5415 1673 5499 fragmentum.
1707 5419 1796 5514 quod
1829 5419 1918 5488 dedit

1094 5529 1222 5609 Peyron
1247 5527 1321 5594 loco
1347 5527 1412 5608 cit,
1430 5545 1460 5612 p.
1482 5531 1556 5597 lat.
1575 5529 1719 5614 bignnrn
1741 5539 1850 5600 tamen
1868 5541 1919 5599 est

1094 5639 1183 5722 quod
1215 5639 1349 5720 edatur,
1384 5647 1453 5708 tum
1482 5643 1555 5728 qnia
1587 5653 1681 5712 caute
1710 5656 1920 5732 assumptum

1094 5751 1244 5822 utilitatis
1268 5753 1391 5838 aliquid
1416 5775 1477 5840 pro
1502 5775 1620 5840 graeco
1637 5761 1722 5828 Lllli
1749 5769 1839 5828 textu
1854 5757 1920 5829 ‘ba-

1095 5863 1172 5932 bere
1197 5873 1325 5948 potest,
1360 5873 1431 5936 tum
1456 5887 1516 5954 pro
1541 5887 1599 5934 sua
1625 5871 1831 5954 antiquitate..
1867 5877 1918 5938 ln-

1627 6075 1672 6128 ‘t
