4690 6406
1245 253 1431 296 -xlt-

465 409 515 470 obi
528 407 603 470 male
618 407 764 468 indicatbc
779 403 872 465 codex
887 422 939 464 ceu
955 405 1047 464 Vetus
1064 403 1284 462 Testamentum

463 503 667 582 complectens.
685 501 785 576 Neque
803 499 883 558 enim
904 497 1022 575 plenum
1047 509 1160 558 textum
1180 497 1286 567 babet,

464 596 513 656 scd
532 596 638 654 selecta
657 594 798 654 versionis
814 593 941 660 Pescito,
955 591 1083 650 Psalmos
1103 608 1172 650 vero
1191 608 1207 648 e
1226 608 1288 650 ver·

464 687 546 748 sione
565 688 657 758 LXX3
671 685 748 761 quod
768 685 798 742 in
818 685 878 760 ipso
902 701 1003 742 earum
1023 683 1107 744 titolo
1132 683 1163 742 in
1189 683 1288 742 codice

463 779 611 840 scribitur.
626 785 698 838 cum
711 795 781 836 vero
794 776 921 836 Psalruos
936 777 1002 835 xlv
1019 787 1047 835 et
1068 775 1148 834 xvtt
1161 771 1290 854 integros

464 875 652 935 contulissem
677 883 707 934 et
733 875 793 934 loca
817 871 959 950 sparsim,
986 870 1161 931 deteriorem
1189 871 1289 946 utiquc

463 979 575 1028 textum
586 967 667 1027 Pauli
677 967 806 1026 Telensis
817 967 927 1034 inveni,
936 965 987 1024 sed
996 964 1046 1041 qui
1058 977 1158 1023 tamen
1173 965 1202 1022 in
1220 963 1289 1023 ullis

462 1059 820 1138 ceteroscoicigatAEtiam
828 1051 1287 1118 Skatlliirdamtestutubenere·

463 1155 538 1214 iccrc
553 1155 675 1232 conjicio
685 1172 719 1212 ex
731 1169 886 1226 usu,quvm
897 1169 963 1210 cum
977 1161 1077 1210 nostra
1088 1153 1223 1210 versione
1237 1151 1288 1208 ba·

463 1249 526 1308 beo.
543 1247 598 1305 Sed
614 1245 747 1323 Norberg
761 1247 790 1304 in
806 1245 931 1304 leremia
947 1255 977 1302 et
992 1243 1151 1314 Ezechiele,
1168 1242 1288 1302 ididdel·

463 1341 550 1418 dorpl
561 1343 590 1400 in
607 1357 712 1416 magna
733 1338 819 1416 hujus
838 1336 981 1396 versionis
999 1346 1188 1414 partequam
1207 1335 1287 1396 dedit

462 1452 498 1492 ex
513 1432 681 1512 apographo
695 1431 897 1508 Norbcrglano
914 1447 966 1506 pro
977 1427 1058 1488 libris
1069 1431 1160 1488 nostri
1171 1428 1288 1499 codicis,

463 1537 492 1584 et
506 1543 540 1584 es
556 1522 730 1604 apographis
741 1523 860 1582 Antonii
877 1525 895 1581 l.
907 1522 1048 1580 Silvestre
1063 1521 1100 1580 de
1110 1523 1186 1599 Sncy
1196 1533 1225 1584 et
1238 1522 1286 1580 la·

464 1619 528 1678 cobi
543 1620 638 1677 Bruns
652 1633 703 1692 pro
718 1617 756 1674 lV
773 1617 895 1692 Regum,
911 1613 1054 1673 infelicem
1068 1613 1155 1672 nimis
1167 1631 1287 1691 operam

465 1713 683 1787 praestiterunt,
697 1719 730 1768 ut
749 1727 784 1768 ex
804 1707 936 1768 codicum
956 1709 1049 1768 nostri
1068 1725 1103 1766 ac
1117 1708 1286 1768 parisiensis

465 1805 618 1865 collatione
637 1802 826 1882 deprehendi.
845 1805 909 1863 Non
926 1815 970 1862 est
990 1801 1076 1880 lrnjus
1089 1800 1142 1860 loci
1156 1801 1228 1860 baec
1243 1801 1336 1861 su·-

464 1901 525 1960 sius
544 1901 693 1978 prosequi:
710 1909 739 1958 et
758 1901 880 1976 quisque
905 1907 1060 1969 cntqnctae
1080 1897 1111 1956 in
1130 1893 1176 1955 bis
1206 1895 1286 1955 naris

465 2011 517 2071 per
535 2011 566 2053 se
589 1992 732 2072 judicium
752 1991 829 2051 lcrre
857 1989 960 2066 petest.
979 1989 1035 2048 Sed
1061 2007 1098 2047 ne
1126 1985 1285 2064 quidquam

465 2086 556 2163 gratis
574 2084 721 2144 affirmare
749 2083 859 2152 videar,
879 2085 994 2142 remitto
1013 2099 1064 2159 pro
1083 2081 1285 2160 Norbergiona

464 2178 591 2238 editione
610 2177 646 2236 ad
664 2195 787 2247 errores,
802 2194 875 2253 quos
891 2175 1030 2234 indicavit
1045 2174 1147 2252 Rogati
1164 2173 1193 2232 in
1209 2172 1287 2232 calce

465 2275 619 2345 Danielis,
635 2289 707 2347 quos
736 2271 796 2348 ipse
815 2287 918 2328 omnes
942 2267 1052 2326 contuli
1071 2277 1101 2326 ct
1128 2283 1212 2324 veros
1242 2283 1287 2324 rc·

465 2368 535 2436 ocri,
553 2381 606 2442 pro
626 2359 884 2438 bliddeldorpiiona
900 2377 970 2418 vero
989 2359 1025 2416 ad
1045 2359 1172 2418 Tltreaos
1188 2360 1217 2418 in
1234 2357 1288 2417 hoc

467 2455 603 2518 losciculo
625 2456 737 2527 editos,
757 2472 829 2531 quos
855 2471 912 2513 non
938 2453 1081 2512 invidiose
1106 2451 1213 2530 selegi,
1237 2450 1287 2511 sed

466 2569 500 2610 ea
519 2549 556 2608 de
574 2567 671 2619 causa,
688 2547 765 2625 quod
785 2549 862 2607 inter
880 2547 1000 2606 lloruclt
1020 2558 1050 2605 ct
1068 2549 1224 2622 Epistulam
1242 2544 1288 2604 Je-

467 2647 572 2702 remioe
591 2641 831 2712 continerentur,
849 2657 920 2716 quos
939 2638 1052 2699 libellos
1071 2657 1130 2698 una
1149 2657 1217 2698 cum
1235 2639 1288 2698 So·

465 2737 574 2811 pientio
584 2727 744 2792 Solomonis
762 2742 923 2792 statueram
939 2731 1035 2802 edere,
1047 2749 1135 2809 quam
1150 2731 1289 2811 temporis

466 2827 582 2886 delectu
602 2845 639 2886 ne
657 2825 759 2886 ‹larcm
779 2826 944 2903 prohibitus
959 2826 1010 2886 fui.
1038 2829 1080 2886 De
1103 2845 1161 2885 una
1191 2837 1289 2886 autem

468 2931 565 2981 textus
577 2919 706 2980 editione
721 2937 799 2978 nunc
811 2919 931 2996 loquor3
945 2937 1014 2978 nam
1025 2931 1123 2982 cetera
1133 2931 1193 2978 tum
1210 2921 1289 2996 quis·

467 3033 525 3093 que
542 3015 592 3092 qui
612 3029 670 3074 uon
689 3013 862 3074 deliberarit
881 3023 1010 3084 tantum,
1028 3012 1079 3072 sed
1098 3023 1233 3071 accurate
1257 3029 1290 3068 oc

468 3109 605 3168 diuturne
635 3106 803 3184 hujusmodi
823 3106 919 3166 studio
943 3106 982 3164 sit
1005 3115 1190 3184 prosecutus,
1212 3103 1291 3182 judi·

468 3223 534 3263 care
549 3213 650 3277 potest,
665 3213 727 3260 tum
743 3202 803 3277 ipse
818 3201 848 3259 in
865 3198 1080 3278 Pmlegotuenis
1095 3198 1290 3275 pertractabo.

467 3291 1290 3373 QuacdcmumPolyglottaliibliaceltibent,Psalm.Cl.l‚

469 3391 504 3447 ΙΙΙ
524 3387 631 3448 Esdrae
649 3399 678 3447 ct
697 3399 808 3464 partem
829 3387 955 3465 priorem
975 3385 1139 3456 robiana
1155 3384 1289 3460 pluribus

467 3480 614 3542 codicibus
632 3479 791 3541 emendare
808 3480 885 3540 licet.
905 3479 989 3553 Quod
1004 3497 1074 3537 vero
1089 3495 1148 3538 non
1163 3481 1289 3556 cujusvis

468 3576 584 3655 generis
600 3574 756 3636 editionem
772 3587 871 3635 nostra
887 3582 982 3634 versio
1001 3571 1137 3652 postulet,
1155 3577 1207 3632 scd
1226 3571 1290 3633 dili·

468 3681 584 3749 gentem
603 3686 678 3746 quae
696 3671 794 3728 omnia
810 3669 846 3728 ad
862 3685 990 3748 unguem
1012 3667 1127 3738 referat,
1139 3666 1201 3742 jam
1213 3665 1290 3726 docti

469 3763 647 3832 intellexere,
658 3774 737 3840 puto,
748 3766 896 3841 magisque
906 3761 1017 3838 patebit
1028 3762 1058 3819 in
1074 3760 1290 3836 Prolegomeois

469 3857 556 3927 meis,
573 3873 608 3914 cs
628 3857 735 3932 quibus
754 3867 897 3931 quantum
916 3853 1046 3913 conseret
1066 3851 1104 3910 ad
1122 3860 1289 3910 universam

467 3949 556 4012 crisin
576 3950 652 4010 Lxx
671 3963 700 4010 ct
718 3959 881 4008 ceterorum
902 3949 1117 4022 interpretum,
1135 3957 1164 4006 et
1183 3944 1219 4004 ad
1243 3963 1291 4004 co·

469 4043 629 4122 gnitionem
661 4040 876 4108 constitutionis
910 4039 952 4098 vel
986 4051 1126 4100 externae
1157 4049 1291 4099 veterum

469 4135 601 4197 codicum
625 4153 816 4214 graecorum,
838 4135 1014 4213 amplissime
1040 4133 1243 4194 illustrabitur.
1261 4135 1291 4193 Si

467 4247 538 4289 vero
552 4228 613 4289 lere
630 4239 733 4300 totum,
746 4227 823 4305 quod
836 4237 925 4300 estat,
939 4229 1081 4287 versionis
1096 4239 1213 4287 nostrae
1229 4225 1293 4288 vul·

468 4323 608 4400 gaverim,
620 4340 674 4381 cur
688 4339 747 4381 non
762 4329 797 4382 et'
806 4331 903 4401 partes
915 4339 1029 4400 paucas,
1039 4323 1091 4382 etsi
1104 4323 1178 4381 bene
1188 4321 1292 4392 editos,

471 4411 659 4474 addiderim?
678 4415 854 4474 Praesertim
874 4431 940 4474 eum
956 4432 990 4472 ex
1007 4413 1192 4474 liaritebraeo
1207 4427 1237 4474 et
1255 4413 1291 4474 ad

468 4507 596 4583 reliquos
615 4505 714 4580 libros,
733 4506 817 4564 etad
837 4507 908 4566 istas
928 4523 1046 4584 quoque
1064 4507 1205 4566 nonnulla
1225 4523 1290 4585 pos-

469 4599 524 4661 sim
543 4599 660 4673 addere,
677 4618 753 4678 quae
771 4601 897 4662 editores
916 4601 1120 4678 neglexerunt,
1135 4603 1290 4678 et,esigua

470 4695 546 4765 iicet,
561 4705 658 4756 tamen
673 4695 704 4756 ia
720 4695 810 4754 crisin
825 4705 923 4760 textus
940 4694 1116 4770 conlerunt3
1130 4705 1160 4754 ct
1174 4713 1211 4754 ex
1223 4695 1291 4772 ipsis

470 4787 619 4848 codicibus
643 4785 786 4846 nonnulla
815 4805 889 4848 nova
919 4787 1100 4866 depromam,
1127 4805 1202 4864 quae
1231 4805 1289 4846 non

469 4879 556 4940 inodo
574 4879 708 4958 Norberg
728 4890 757 4939 et
777 4879 988 4959 lliddeldorpl,
1015 4881 1169 4940 sedetiam
1189 4879 1291 4957 lingati

470 4975 498 5032 in
518 4975 638 5035 Psalmis
656 4985 686 5034 et
704 4973 775 5034 stat
801 4973 927 5036 lidrdom
953 4981 1130 5044 omiserunt,
1154 4984 1187 5033 ιιι
1215 4975 1293 5032 inter

470 5067 536 5138 alia,
550 5077 671 5143 excepto
685 5067 788 5146 liugati
802 5065 832 5125 in
852 5067 980 5134 Daniele,
992 5064 1120 5143 Capitula
1133 5069 1290 5142 praemissa

468 5157 613 5236 plerisque
631 5157 726 5228 libris,
742 5175 818 5236 quae
836 5159 957 5218 iormssc
976 5159 1127 5236 Pamphilo
1141 5159 1249 5232 danda,
1261 5171 1291 5220 et

469 5251 624 5326 pretiosam
644 5250 897 5310 adumbrationem
913 5252 1020 5310 veteris
1039 5253 1289 5329 interpretationis

469 5345 500 5404 in
520 5343 674 5422 Prophetis
691 5342 841 5406 exhibent.
864 5341 939 5403 lllud
963 5344 1083 5405 demum
1103 5343 1290 5403 animadver-

469 5437 622 5514 tamiquod
631 5437 783 5499 doctorum
792 5437 962 5500 studiumin
972 5437 1125 5499 visitandis
1135 5438 1291 5500 Bibltothe-

469 5530 513 5589 cis
528 5549 632 5592 acuere
647 5543 746 5608 potest,
760 5551 819 5592 noo
833 5531 1048 5608 desperandum
1060 5549 1166 5608 nempe
1178 5531 1215 5592 de
1227 5531 1291 5593 aliis

470 5635 588 5701 practer
598 5637 682 5686 notos
694 5627 843 5688 codicibus
855 5639 972 5688 nostrae
988 5627 1129 5687 versionis
1145 5633 1292 5705 reperien-

469 5717 530 5790 dis,
547 5716 597 5794 qui
616 5715 677 5776 sive
696 5734 770 5778 nora
789 5717 966 5800 exemplaria
984 5717 1144 5792 librorum,
1162 5719 1212 5795 qui
1229 5719 1290 5796 iam

1377 415 1522 481 prostant,
1543 409 1604 464 sive
1624 406 1712 465 etiam
1735 403 1866 464 nondum
1889 415 2020 483 repertos
2044 406 2135 467 libros
2153 407 2201 472 vel

1377 499 1539 576 fragmenta
1559 497 1694 574 ollerant3
1705 511 1738 560 nt
1751 499 1822 559 mihi
1836 501 1958 578 contigit
1972 499 2009 560 dc
2019 501 2200 564 Psalmorurn

1377 592 1537 667 exemplari
1559 592 1725 652 Purisiensi.

1416 687 1451 744 Ut
1474 703 1544 763 ergo
1571 697 1665 764 patet,
1689 685 1773 744 edam
1797 705 1873 763 quac
1896 699 1996 746 nostra
2022 687 2203 746 Bibliotheca

1380 777 1465 838 ollcrt
1484 779 1627 838 versionis
1649 782 1779 856 syriacae
1803 797 1820 838 c
1845 791 1926 840 textu
1952 783 2148 860 origeniana,
2172 795 2204 842 ct

1380 889 1455 947 quae
1475 869 1584 931 habent
1603 872 1687 941 oliae,
1706 875 1730 934 si
1749 883 1922 951 potueruut
1940 893 2034 952 spero,
2048 893 2096 934 cas
2110 877 2203 935 adice.

1379 965 1411 1022 ln
1429 965 1530 1036 prituis
1545 981 1614 1024 vero
1627 965 1710 1026 libris
1723 966 1879 1043 vulgandis
1889 969 1945 1026 erit
1961 968 2068 1028 inedita
2084 968 2203 1046 Sapien-

1378 1057 1418 1116 tia
1438 1055 1616 1130 Salomonis,
1635 1063 1692 1129 jam
1713 1069 1830 1136 parata,
1848 1061 1873 1118 si
1892 1059 2050 1128 nonnullas
2071 1061 2102 1120 in
2124 1063 2203 1120 notis

1377 1149 1541 1210 additiones
1559 1153 1695 1230 excipias,
1708 1153 1745 1212 ad
1760 1171 1832 1230 quas
1847 1153 2066 1214 concinnandas
2085 1167 2205 1232 praetor

1375 1245 1443 1315 alin,
1458 1243 1518 1303 lere
1534 1255 1567 1304 ut
1587 1247 1616 1304 in
1637 1245 1691 1304 boc
1710 1245 1855 1316 fasciculo,
1874 1245 1965 1306 habui
1983 1246 2112 1306 codicem
2133 1249 2204 1308 Am-

1377 1337 1558 1408 brosianum,
1569 1341 1597 1397 ll.
1609 1339 1654 1398 (ill.
1665 1342 1848 1418 Snp.,magni
1859 1340 2043 1416 pretii,cujus
2053 1341 2204 1418 specimen

1375 1430 1443 1490 dedi
1456 1432 1484 1490 in
1497 1433 1595 1492 tabula
1608 1430 1941 1514 litltographieA,etduas
1952 1433 2205 1492 versionesorien-

1376 1523 1447 1584 tales
1457 1525 1552 1584 adbuc
1572 1525 1704 1584 ineditos.
1715 1526 1795 1584 Prior
1812 1535 1855 1584 est
1868 1526 1962 1584 versio
1978 1523 2094 1584 arabica
2105 1542 2140 1583 ex
2154 1543 2206 1583 no·

1375 1627 1435 1675 stra
1451 1619 1564 1693 syriaca
1576 1635 1628 1693 per
1648 1615 1756 1676 llaretlt
1774 1615 1831 1675 ben
1843 1619 1940 1674 Senon
1955 1615 2011 1675 hen
2028 1617 2131 1688 Sabat,
2151 1620 2203 1694 qui

1376 1709 1464 1787 longe
1483 1721 1566 1768 antea
1587 1706 1695 1780 lloruit,
1714 1720 1747 1768 ιιι
1765 1707 1833 1770 alibi
1862 1708 1970 1776 dicam,
1992 1728 2081 1786 qnam
2102 1711 2202 1770 tradat

1376 1806 1537 1875 Asscmaui,
1555 1805 1615 1863 Cat.
1634 1803 1695 1862 llib.
1716 1805 1785 1872 Pal,
1802 1823 1828 1881 p.
1846 1805 1890 1873 dl,
1909 1815 1938 1862 et
1956 1822 1992 1862 cx
2008 1823 2043 1864 co
2063 1807 2130 1877 alii3
2149 1825 2205 1865 cu·

1372 1897 1420 1972 jus
1430 1898 1572 1956 versionis
1587 1896 1790 1974 adipiscendae
1800 1898 1874 1957 cotio
1885 1898 1956 1958 milti
1972 1898 2103 1958 docenda
2121 1901 2202 1977 grati

1375 1991 1465 2050 animi
1490 2009 1586 2051 causa.
1612 1993 1684 2052 Com
1709 2011 1744 2052 es
1769 1995 1941 2060 Assemani,
1970 1993 1988 2051 l.
2013 2013 2048 2061 c.,
2072 1993 2203 2053 codicem

1376 2085 1515 2142 versionis
1534 2085 1698 2144 Florentino
1724 2095 1825 2144 estare
1853 2088 2079 2162 cognovissem,
2102 2089 2204 2148 station

1376 2175 1436 2234 ridi
1457 2177 1556 2235 utilem
1577 2176 1648 2235 milti
1669 2177 1798 2236 loturum
1820 2179 1847 2236 in
1868 2178 1944 2236 libro
1963 2167 2138 2253 Sapientiae,
2155 2181 2203 2238 cui

1378 2277 1448 2326 tunc
1460 2269 1598 2328 vacabam
1613 2287 1647 2328 cx
1664 2287 1723 2328 uno
1738 2269 1836 2330 codice
1853 2272 1977 2348 syriaco,
1991 2272 2104 2350 acujus
2122 2283 2204 2331 textu

1377 2359 1473 2418 rersio
1501 2361 1548 2420 illa
1577 2360 1720 2433 fluxerat,
1747 2362 1888 2440 quidquid
1921 2363 2000 2424 dicat
2032 2368 2205 2436 Asscmani,

1378 2467 1410 2514 ιιι
1430 2469 1545 2532 praeter
1564 2456 1619 2516 alia
1633 2459 1691 2534 ipso
1706 2459 1857 2533 utriusque
1870 2459 1985 2516 collatio
1999 2461 2118 2518 evincit.
2135 2461 2203 2520 Adii

1379 2548 1469 2626 igitur
1489 2567 1540 2625 pcr
1558 2549 1667 2622 literas,
1687 2553 1772 2610 nimis
1788 2552 1916 2627 prolecto
1931 2552 2027 2611 audax
2045 2563 2075 2612 et
2095 2555 2205 2631 impor-

1379 2653 1478 2710 tunus,
1493 2643 1588 2700 virum
1604 2642 1799 2702 clarissimum
1818 2642 2015 2703 Bibliothecae
2034 2645 2207 2704 laurentia·

1379 2753 1434 2794 nae
1454 2744 1522 2794 tuuc
1541 2735 1850 2796 Probtbliotltecarium
1876 2739 1929 2797 Ab.
1948 2738 2107 2814 toseptrum
2134 2741 2204 2798 liar-

1379 2825 1458 2898 dclli,
1476 2827 1561 2886 editis
1579 2830 1668 2888 etiam
1687 2831 1825 2907 operibus
1846 2832 1997 2891 illustrem.
2007 2834 2062 2890 l'ix
2075 2835 2135 2908 ipse
2151 2851 2207 2909 pcc

1381 2937 1428 2980 me
1455 2919 1603 2991 iecissem,
1631 2922 1707 2999 quod
1735 2919 1784 2982 ilie
1810 2941 1862 3001 pro
1888 2925 2006 2982 bomine
2025 2923 2083 2982 sibi
2103 2926 2207 3001 ignoto

1380 3014 1535 3098 praestitit.
1554 3017 1594 3074 Ac
1612 3015 1718 3092 primo,
1731 3015 1800 3076 lieet
1818 3016 1943 3075 multum
1958 3015 2140 3075 dillicnltatis
2160 3017 2206 3074 in-

1381 3109 1568 3181 tercessisset,
1586 3110 1730 3182 specimen
1750 3127 1767 3170 c
1786 3127 1848 3186 cap.
1867 3111 1935 3170 Xlx,
1956 3111 2124 3189 Sapientiae
2150 3111 2203 3170 mi·

1380 3203 1472 3271 sit,cx
1487 3219 1545 3277 quo
1564 3219 1779 3281 cognoscerem,
1789 3201 1899 3263 utilene
1917 3203 1989 3265 mibi
2008 3205 2142 3263 loturum
2161 3221 2207 3262 es·

1379 3305 1423 3352 set
1441 3295 1630 3372 apographon
1645 3295 1722 3355 libri.
1738 3297 1805 3356 Post
1816 3297 1899 3374 ctrjus
1910 3295 2067 3374 lrogmcnti
2078 3313 2205 3355 examen

1380 3405 1395 3444 a
1412 3405 1458 3444 me
1472 3398 1641 3464 rogatus,ut
1657 3399 1750 3448 totum
1761 3389 1871 3450 librum
1891 3387 2118 3451 describendum
2131 3389 2204 3448 mibi

1379 3489 1504 3550 curaret,
1519 3478 1593 3539 nihil
1614 3499 1673 3539 rton
1693 3483 1762 3560 egit,
1778 3491 1810 3540 ut
1829 3483 1903 3542 votis
1923 3483 1995 3542 meis
2013 3480 2205 3550 satisfaceret,

1380 3589 1413 3630 oe
1439 3571 1558 3631 demum
1584 3573 1706 3650 perfecit
1725 3593 1775 3651 per
1793 3593 1880 3635 suum
1899 3575 2026 3636 amicum
2047 3574 2100 3634 Ab.
2119 3577 2145 3635 l.
2176 3577 2207 3632 B.

1379 3667 1507 3737 Gavaazi,
1526 3669 1554 3729 in
1572 3669 1664 3745 Lyceo
1684 3669 1852 3728 Pistoriensi
1881 3667 2087 3729 Pmiessorem.
2108 3669 2204 3742 Quem

1379 3759 1542 3820 Florentiae
1556 3777 1608 3837 pro
1624 3779 1670 3820 me
1683 3772 1915 3821 commorantem
1936 3763 1996 3837 ipse
2014 3759 2095 3820 domi
2120 3779 2205 3819 exce·

1381 3854 1422 3931 pit
1440 3869 1473 3911 ac
1491 3853 1580 3925 aluit,
1602 3855 1712 3930 quina
1738 3871 1785 3913 me
1812 3855 2082 3930 compensationem
2112 3853 2205 3912 ullam

1380 3948 1521 4024 exigeret,
1535 3963 1622 4023 quant
1639 3948 1698 4006 imo
1713 3957 1811 4022 aperte
1826 3945 2046 4006 detrectavitsi
2061 3945 2133 4022 quid
2154 3947 2208 4022 igi·

1381 4051 1431 4101 tur
1449 4039 1583 4100 utilitatis
1602 4057 1638 4098 ex
1659 4039 1777 4099 lloretlri
1797 4041 1928 4098 versione
1940 4041 1969 4096 in
1982 4039 2092 4116 librum
2106 4057 2205 4100 meum

1381 4134 1583 4206 dimanaverit,
1602 4133 1631 4192 id
1652 4133 1839 4193 tribuendum
1858 4131 1915 4192 erit
1934 4132 2057 4192 ilardclli
2084 4145 2115 4192 et
2140 4135 2203 4212 ejus

1382 4235 1474 4291 amico
1492 4231 1622 4289 Gavazzi.
1640 4229 1696 4302 Qui
1715 4227 1832 4304 quidem
1863 4228 2052 4306 apographon
2079 4227 2204 4287 coniecit

1382 4323 1632 4382 accuratissimum
1652 4331 1700 4394 et,
1718 4331 1750 4380 ut
1769 4319 1950 4397 deprehendi
1969 4337 2005 4379 ex
2025 4337 2080 4380 usu
2098 4331 2129 4378 et
2148 4319 2205 4378 col·

1382 4415 1490 4475 latione
1506 4433 1571 4473 curn
1588 4415 1676 4492 longo
1690 4415 1847 4489 specimine
1856 4412 1917 4490 jam
1928 4409 2014 4482 dieto,
2026 4409 2104 4488 quod
2116 4410 2204 4470 bomo

1381 4509 1540 4586 Aegyptius
1558 4508 1733 4578 coniecerat,
1750 4505 2007 4575 correctissimum,
2019 4502 2106 4580 quale
2115 4521 2203 4580 espe-

1380 4604 1503 4662 ctoveris
1521 4601 1615 4660 solnm
1635 4619 1650 4658 a
1672 4599 1734 4659 riro
1754 4597 1784 4657 in
1803 4597 1898 4658 literis
1917 4597 2048 4656 Arabicis
2068 4599 2203 4672 apprime

1381 4703 1504 4754 versato.
1523 4696 1619 4752 Altera
1644 4695 1739 4754 versio
1759 4691 1850 4768 priori
1868 4691 1957 4750 etiam
1984 4691 2137 4766 pretiosior
2161 4701 2205 4749 cst

1381 4784 1621 4864 Copto-Sabidiea
1654 4788 1742 4845 blnsei
1769 4785 1902 4864 Aegyptii
1931 4784 2130 4843 Taurincnsis.
2161 4782 2202 4842 Ad

1381 4897 1468 4956 quam
1486 4879 1708 4938 exscribendam
1728 4877 1874 4956 proiectus
1886 4895 1933 4935 an.
1947 4878 2015 4938 lbbb
2029 4893 2097 4936 cum
2111 4877 2204 4936 literis

1381 4971 1626 5034 commendatitiis
1636 4973 1755 5032 Comitis
1772 4970 1842 5030 lulii
1853 4972 1943 5030 Porro
1956 4969 1992 5028 ed
2006 4969 2140 5046 Equitem
2150 4974 2202 5028 Do

1380 5065 1521 5125 minirum
1531 5067 1651 5136 Promis,
1664 5066 1751 5142 Regis
1761 5061 2030 5134 bibliothecarium,
2043 5065 2201 5142 omnlgeno

1379 5157 1473 5216 officia
1487 5157 1525 5216 ab
1539 5159 1594 5217 isto
1609 5175 1672 5218 sum
1683 5167 1837 5234 expertus3
1850 5167 1940 5234 atqne
1951 5159 2011 5236 ipse
2024 5174 2070 5216 me
2080 5154 2201 5215 adduxit

1379 5249 1416 5310 ad
1430 5253 1620 5312 assistentem
1641 5255 1739 5312 blaseo
1757 5251 1784 5311 J.
1796 5253 1826 5310 P.
1838 5251 1956 5311 Orcurti
1975 5248 2200 5320 (Dicectocobe

1380 5349 1456 5416 ιιι),
1483 5344 1572 5404 rebus
1591 5343 1738 5405 veteribus
1764 5343 1947 5421 Aegyptiacis
1971 5327 2089 5402 doctum
2120 5343 2202 5420 juve·

1380 5439 1530 5514 nero,qui
1550 5453 1695 5498 unacum
1721 5439 1752 5496 A.
1777 5437 1924 5506 Pabretti,
1946 5435 2023 5496 socio
2047 5447 2119 5494 tunc
2140 5449 2201 5496 suo,

1380 5531 1518 5591 scientiae
1537 5531 1725 5608 antiquarum
1745 5529 1936 5592 dialectorum
1965 5527 2067 5587 ltaliae
2092 5523 2201 5585 cultore

1380 5623 1496 5696 eximio,
1504 5626 1575 5684 meis
1583 5623 1734 5684 laboribus
1749 5623 1972 5700 exquisitissime
1987 5621 2132 5680 laverunt.
2143 5617 2198 5674 llac

1380 5717 1513 5778 versione
1531 5719 1574 5778 uti
1593 5717 1665 5780 mibi
1685 5717 1784 5780 licebit
1810 5733 1849 5778 ex
1875 5727 1959 5793 parte
1976 5715 2066 5776 etism
2080 5709 2118 5773 ad
2132 5711 2198 5770 Pro
