4594 6452
1214 193 1398 266 -re-
1481 183 1486 192 ’

444 347 521 422 tion
548 347 669 438 utique
695 361 834 436 semper
851 343 1018 420 meridies
1045 344 1125 430 urit,
1145 363 1262 438 noque

442 475 602 568 perpetui
624 473 710 548 radii
729 474 814 548 sotis
833 473 967 548 ardent
991 471 1040 546 Ne
1058 490 1262 565 praesumas

444 609 479 678 et
505 607 647 694 reputes
665 608 698 676 te
716 618 857 692 semper
873 605 1112 693 prosperatum
1135 600 1209 674 iore
1228 605 1263 674 et

443 729 663 823 gaudentem,
691 746 809 819 nenne
836 727 938 802 vnde
956 727 1132 800 extottmts
1151 731 1186 801 et
1203 735 1288 820 op*

442 857 584 949 primas.
614 855 715 928 certo
742 855 836 928 enim
863 855 901 926 iu
928 859 1084 944 tempore
1110 872 1177 926 suo
1195 853 1264 928 eri·

443 983 563 1076 gitabit
588 989 706 1056 contra
734 988 769 1055 te
796 981 903 1064 turor,
924 981 1107 1071 guinnno
1124 981 1162 1052 in
1187 981 1264 1054 ton·

443 1111 643 1204 ganimitate
667 1117 832 1199 unquam
859 1109 897 1182 in
924 1107 1053 1182 iraenis
1082 1107 1261 1180 retinetur.

367 1303 375 1312 .
443 1237 486 1310 nt
512 1255 592 1310 oum
627 1235 715 1310 baee
740 1233 909 1308 dixissem
939 1234 1094 1326 jejunavi
1129 1241 1263 1328 septem

443 1361 582 1453 diebus.
625 1344 631 1354 ’

500 1489 562 1562 13.
591 1489 633 1561 Ει
658 1489 787 1562 tantum
805 1493 860 1562 est
877 1493 959 1579 post
985 1487 1083 1572 baed,
1111 1507 1176 1581 ego
1199 1489 1262 1562 Ba·

444 1614 532 1690 rueb
548 1614 682 1690 stabam
699 1633 807 1708 super
824 1621 977 1689 montem
998 1615 1098 1702 Sion;
1128 1623 1163 1690 et
1181 1631 1263 1690 eone

297 1822 301 1833 ‚
438 1762 513 1826 ,vox
538 1745 633 1818 venit
659 1743 704 1818 de
722 1744 882 1828 excelsis,
903 1751 939 1817 et
957 1742 1045 1817 dixit
1070 1743 1176 1842 mibi:
1205 1745 1264 1818 Sta

443 1889 551 1964 super
576 1871 685 1964 pedes
711 1877 807 1954 tuos,
835 1869 983 1954 Baruob,
1012 1875 1049 1944 et
1076 1869 1157 1944 audi
1183 1889 1262 1944 ver·

442 1999 528 2074 bum
546 2001 608 2072 bei
626 1999 735 2072 tortis.
757 1998 844 2085 Quia
862 1997 1027 2089 stupuisti
1046 1996 1091 2072 de
1109 1997 1155 2072 iis
1174 2015 1265 2089 qnae

444 2129 664 2219 contigerunt
690 2127 799 2210 Sion,
837 2131 981 2218 propter
1006 2123 1075 2198 boo
1106 2129 1264 2200 serratus

443 2255 638 2332 servaberis
665 2255 702 2328 in
728 2253 835 2328 duem
862 2260 1070 2346 tempomm,
1089 2259 1129 2326 ιιι
1153 2253 1204 2326 sis
1226 2253 1264 2326 in

443 2383 692 2466 testimonium,
720 2387 760 2456 ut
777 2382 808 2456 si
834 2381 951 2456 dicant
976 2399 1131 2472 unquam
1158 2381 1264 2456 urbes

445 2509 524 2584 ittae
542 2527 632 2600 guae
649 2513 926 2600 prosperantur:
955 2509 1026 2582 Cur
1043 2507 1264 2584 adduxitsu·

437 2641 509 2730 'per
524 2655 592 2714 nos
618 2637 712 2712 Deus
739 2636 837 2710 tortis
864 2635 1127 2712 retributionem
1148 2639 1263 2722 istam,

446 2765 503 2840 dio
530 2765 581 2838 eis
607 2769 646 2838 tn
663 2771 698 2838 et
723 2764 857 2838 similes
874 2765 935 2847 tui,
955 2781 1019 2838 vos
1038 2765 1099 2856 qui
1116 2765 1264 2838 vidistis:

446 2891 631 3000 Catamitus
656 2892 720 2964 ista
748 2897 803 2964 eet
829 2897 865 2964 et
889 2889 1150 2976 retributiones,
1175 2909 1266 2984 qnae

446 3021 592 3094 veniunt
617 3035 804 3111 supervos
832 3023 867 3092 et
885 3035 992 3109 super
1018 3019 1187 3110 poputum
1205 3037 1265 3094 re·

446 3153 558 3220 stmm
583 3147 621 3218 in
648 3151 805 3236 tempore
823 3163 900 3228 suo,
929 3153 969 3218 ut
993 3145 1144 3238 perieote
1162 3148 1265 3221 easd-

446 3281 572 3370 gentur
588 3281 722 3366 gentes.
742 3273 784 3346 nt
801 3280 885 3348 tuno
903 3274 1146 3366 expectabunt.
1175 3267 1266 3350 Etsi

447 3405 600 3478 dixerint
626 3404 662 3476 in
680 3403 740 3476 iiio
768 3409 946 3494 tempore:
976 3403 1146 3491 Quandoi
1163 3403 1266 3478 bioes

447 3533 520 3607 eis:
539 3532 611 3606 Vos
639 3531 701 3622 qni
726 3528 865 3604 bibistis
892 3531 1012 3602 vinnm
1031 3529 1192 3612 notatum,
1211 3527 1265 3602 bi·

447 3659 519 3734 bite
537 3659 640 3732 etiam
668 3655 713 3732 de
731 3656 826 3730 iaeoe
854 3654 942 3746 ejus.
970 3655 1143 3730 tudinium
1171 3657 1266 3731 euim

447 3791 501 3860 est
525 3784 663 3858 Exoetsi
699 3784 760 3874 qui
793 3801 866 3858 neu
905 3783 1049 3874 respicit
1082 3801 1265 3876 personas.

447 3913 593 4006 Propter
610 3910 678 3985 boo
695 3910 778 3986 titiis
793 3911 870 3984 suis
888 3917 989 3986 anim
1006 3929 1079 3984 nou
1096 3913 1264 4002 pepercit.

447 4040 513 4114 sed
539 4039 748 4114 exornoiarit
774 4057 836 4114 eos
863 4039 954 4112 sieut
979 4038 1140 4112 inimicos
1167 4057 1265 4124 suos,

449 4169 530 4260 qnia
547 4172 787 4258 peeeavormt.
807 4166 904 4240 Tune
922 4183 1005 4257 ergo
1023 4166 1178 4258 oasbgati
1195 4166 1267 4242 iuo-

448 4299 532 4368 rnnt
557 4299 595 4367 nt
621 4294 758 4368 veniam
785 4294 993 4382 invenirent.
1020 4294 1119 4368 Nune
1151 4301 1266 4370 antmn

449 4440 524 4505 ros,
544 4421 662 4514 popuii
678 4425 713 4494 ot
730 4427 863 4512 gentos,
879 4419 1054 4494 debitores
1073 4423 1170 4505 estis,
1186 4422 1268 4514 quia

394 4549 397 4556 ’
448 4555 522 4626 toto
549 4549 617 4624 boo
643 4553 799 4640 tempore
819 4547 1048 4622 oonouteastis
1075 4555 1212 4633 terram,
1233 4555 1268 4622 et

449 4679 506 4754 usi
547 4679 632 4752 estis
669 4683 825 4752 ereatura
862 4683 981 4750 oonua
1019 4676 1084 4751 tas.
1121 4679 1268 4770 Semper

450 4807 544 4880 enim
570 4805 829 4880 beneiaeiebam
856 4803 980 4887 robis,
1009 4809 1045 4878 et
1070 4821 1133 4878 vos
1160 4803 1268 4878 abne·

449 4935 557 5028 gestis
575 4933 841 5010 beneficentiam
860 4947 1011 5024 semper.

478 5062 568 5155 ,ιιιΙ
596 5062 639 5135 Ει
674 5059 841 5151 respondi
873 5069 909 5136 et
935 5058 1032 5133 dixi:
1059 5058 1150 5133 Eone
1176 5057 1266 5132 indi·

451 5189 538 5262 rasti
565 5187 652 5260 mibi
679 5189 849 5262 rationem
877 5194 1093 5278 tempomm,
1121 5185 1269 5278 etquid

410 5391 414 5398 ,
451 5316 605 5388 interum
633 5315 679 5388 sit
709 5322 791 5408 post
820 5314 931 5398 baec,
961 5319 995 5388 et
1022 5311 1139 5386 dixisti
1165 5313 1267 5396 mibi,

452 5443 534 5534 quia
552 5443 691 5535 populis
705 5441 859 5534 proderit
877 5439 1057 5514 retributio
1076 5456 1166 5531 quae
1180 5438 1271 5514 dieta

409 5612 413 5620 ·
452 5575 507 5643 esi
533 5589 553 5642 a
580 5575 625 5642 te.
653 5569 696 5644 Et
721 5589 816 5644 nuno
842 5569 917 5644 seio
944 5569 1072 5642 multos
1101 5585 1182 5642 esse
1209 5566 1270 5659 qni

367 5683 375 5704 '
452 5703 694 5790 peceaverunt,
723 5703 758 5774 et
775 5691 1067 5792 improsperitate
1094 5696 1267 5778 vixerunt,

1352 349 1388 421 et
1412 343 1573 420 abiemnt
1597 362 1643 418 ex
1668 343 1813 428 mundo,
1833 343 1954 438 exigui
1980 351 2104 420 autem
2122 365 2184 438 po·

1352 472 1426 564 puti
1455 473 1661 564 superstites
1697 478 1801 546 erunt
1825 473 1864 546 in
1900 474 1971 548 iltis
2008 476 2181 567 tempori·

1351 594 1580 690 husonibus
1607 598 1766 674 dicentur
1791 597 1896 674 rerba
1923 619 2017 692 quae
2043 601 2180 676 dixisti

1351 725 1395 798 nt
1419 743 1590 818 quaenam
1618 727 1711 800 enim
1746 727 1876 840 utititas
1916 733 1971 800 est
2005 729 2045 802 in
2086 730 2179 809 boc.

1349 851 1412 928 aut
1442 854 1610 946 guiduam
1636 855 1737 946 pejus
1769 855 1871 938 istis,
1901 873 1991 946 guae
2021 857 2179 930 vidimus

1352 981 1540 1072 eondgisse
1565 981 1680 1065 nobis,
1701 981 1963 1074 expectabimus
1990 989 2032 1055 ut
2055 983 2179 1056 ridea-

1351 1112 1462 1182 musi
1487 1111 1615 1184 lterum
1632 1115 1748 1183 aubm
1772 1110 1898 1201 loquar
1924 1111 1962 1184 in
1980 1117 2181 1202 conspeetu

1351 1243 1426 1311 tuo.
1454 1235 1546 1324 Quid
1580 1236 1802 1328 protererent
1839 1235 1892 1310 itti
1918 1239 1981 1328 gui
2017 1239 2180 1312 scierunt

1351 1371 1431 1438 ante
1448 1371 1495 1446 te,
1515 1370 1551 1438 et
1576 1382 1650 1437 non
1676 1363 1941 1438 ambulavemnt
1966 1365 2005 1437 in
2024 1365 2179 1438 mnitate

1344 1493 1444 1568 stent
1460 1491 1586 1583 religni
1603 1492 1736 1584 popuii,
1757 1497 1792 1564 et
1807 1509 1882 1564 non
1899 1489 2070 1566 dixerunt
2087 1509 2181 1566 mor·

1351 1619 1443 1692 tuis:
1471 1618 1556 1692 bate
1573 1617 1677 1691 nobis
1694 1618 1811 1702 vitam,
1830 1617 1896 1692 sed
1912 1635 2057 1710 semper
2074 1620 2179 1692 time·

1351 1743 1438 1818 bant
1462 1749 1508 1828 te,
1528 1750 1564 1818 et
1589 1745 1663 1818 rias
1690 1751 1767 1820 tuas
1786 1763 1859 1818 non
1886 1743 2178 1837 derenquernutt

1352 1869 1395 1944 lit
1420 1889 1503 1946 eree
1530 1870 1664 1962 abrepti
1689 1871 1861 1956 tuernnt‘.
1879 1889 2008 1962 neque
2033 1879 2180 1966 propter

1354 2018 1417 2076 eos
1443 2001 1607 2075 misertus
1644 2017 1684 2074 es
1712 2001 1809 2074 Sion.
1837 2001 1881 2073 Et
1906 2002 1939 2074 si
1965 2002 2023 2074 ulii
2054 2002 2177 2094 inique

1354 2131 1526 2218 egerunt,
1555 2125 1712 2200 debitum
1738 2112 1813 2202 erat
1838 2129 1948 2210 Sient,
1967 2135 2007 2200 ut
2031 2137 2178 2220 propter

1354 2272 1462 2347 opera
1479 2256 1631 2340 ittomm,
1662 2257 1723 2348 goi
1750 2257 1882 2348 operati
1905 2255 2044 2330 inerant
2069 2256 2176 2338 bona,

1355 2382 1586 2456 dimitteretur
1603 2384 1648 2468 ei,
1667 2399 1786 2475 neque
1802 2389 1947 2475 propter
1964 2401 2073 2474 opera
2091 2401 2178 2474 ope

1354 2510 1505 2584 rentium
1545 2509 1750 2602 injustitiam
1786 2509 2059 2602 demergeretur.
2106 2509 2180 2584 Sed

1355 2637 1447 2728 guis,
1468 2636 1664 2712 dominator
1681 2637 1840 2722 bomine,
1861 2645 2074 2728 assequetur
2087 2637 2180 2728 judi·

1354 2763 1450 2837 oium
1475 2767 1606 2838 tuumt
1633 2761 1703 2837 dut
1729 2764 1809 2856 quis
1846 2762 2070 2856 investigabit
2094 2783 2178 2856 pro·

1353 2890 1501 2994 tondum
1527 2892 1604 2966 riae
1636 2895 1739 2966 tuaei
1764 2891 1833 2966 dut
1866 2893 1946 2983 quis
1973 2892 2179 2984 supputabit

1353 3021 1553 3112 gennem
1572 3020 1716 3094 semitae
1733 3021 1837 3094 tuae?
1862 3019 1931 3093 Aut
1948 3021 2029 3110 quis
2047 3021 2180 3110 poterit

1353 3147 1505 3239 mgitaro
1532 3147 1720 3221 eonsilium
1748 3153 1847 3221 tuum
1875 3145 2179 3238 incomprebensi-

1352 3273 1450 3348 bitei
1476 3274 1545 3350 dut
1570 3276 1650 3368 guis
1677 3293 1833 3368 unquam
1862 3294 1906 3350 ex
1923 3276 2015 3348 natis
2042 3275 2179 3348 invenit

1352 3402 1561 3494 principium
1597 3409 1657 3476 aut
1690 3403 1797 3476 duem
1836 3403 2030 3494 sapientiae
2064 3405 2178 3476 tuae?

1355 3532 1485 3605 Omnes
1503 3549 1570 3605 nos
1588 3533 1684 3606 enim
1711 3525 1844 3606 similes
1871 3531 1951 3606 tanti
1977 3549 2103 3604 sumus
2120 3529 2179 3602 ba

1353 3659 1441 3732 titni.
1469 3657 1771 3747 Quemadmodum
1790 3658 1885 3731 enim
1903 3656 2031 3729 balitus
2053 3675 2177 3730 asuen-
2284 3643 2285 3650 ‘

1354 3785 1406 3860 dit
1418 3785 1504 3876 quin
1515 3783 1685 3878 pro'oedat
1697 3785 1742 3858 de
1755 3783 1872 3868 eorde,
1888 3789 1923 3857 et
1935 3785 2175 3876 restinguitur,

1355 3913 1481 3993 sierest
1506 3919 1630 3986 natura
1656 3911 1851 3995 bominum,
1872 3912 1933 4003 qni
1951 3930 2025 3984 non
2052 3929 2099 3986 ex
2116 3929 2177 3984 ro·

1354 4041 1485 4114 tentato
1511 4059 1575 4114 sna
1593 4047 1689 4124 eunt,
1718 4039 1857 4132 etquid
1883 4040 1949 4113 erit
1976 4041 2084 4114 eisin
2107 4039 2178 4112 tine

1355 4168 1528 4242 nesciunt.
1546 4167 1635 4242 iusti
1654 4168 1746 4242 enim
1773 4167 1867 4241 bene
1888 4173 2032 4256 sperant
2057 4167 2177 4250 tinem,

1356 4299 1392 4370 et
1417 4279 1494 4369 sine
1521 4295 1645 4368 timore
1665 4283 1811 4398 ‚ablbee
1838 4293 2016 4368 domicilio
2042 4293 2179 4386 pretini·

1356 4422 1614 4526 montaragon
1631 4387 1761 4496 habent
1778 4421 1872 4514 apud
1888 4425 1923 4494 te
1941 4421 2012 4495 vim
2031 4439 2177 4513 operum

1316 4591 1324 4604 .
1357 4545 1565 4623 amodum
1583 4549 1621 4620 in
1633 4547 1818 4623 thesauris.
1834 4549 1980 4640 Propter
1992 4547 2062 4624 boe
2075 4551 2178 4630 mam

1356 4673 1426 4766 ipsi
1439 4675 1516 4750 sine
1524 4675 1648 4750 timore
1662 4676 1863 4768 relinquunt
1875 4676 2046 4750 mnndum
2059 4679 2177 4760 istum,

1360 4806 1395 4876 et
1411 4801 1560 4878 tidentes
1587 4804 1625 4874 in
1651 4803 1778 4878 laetitia
1795 4813 1938 4896 sperant
1964 4823 2004 4878 se
2022 4811 2181 4895 reeeptn·

1358 4945 1418 5004 ros
1440 4927 1611 5004 mundum
1629 4947 1734 5022 onem
1760 4932 1952 5024 promisisti
1979 4931 2044 5006 eis.
2072 4931 2180 5006 Nobis

1359 5061 1474 5130 annm
1492 5075 1566 5142 rae,
1587 5058 1648 5148 gui
1666 5064 1700 5132 et
1725 5075 1821 5130 nune
1838 5058 1978 5150 probris
1997 5057 2178 5140 affluimur,

1359 5189 1394 5258 et
1418 5185 1457 5256 in
1483 5183 1543 5258 illo
1570 5191 1726 5276 tempore
1745 5191 1969 5290 expectamus
1995 5184 2100 5258 mala.
2129 5185 2180 5258 ib

1360 5317 1476 5386 annm
1502 5317 1596 5386 reete
1621 5314 1725 5396 nosti,
1746 5313 1833 5405 qnid
1858 5314 1983 5388 teoeris
2002 5313 2179 5387 deservis

1359 5438 1449 5525 tuis3
1479 5439 1561 5530 qnia
1577 5457 1644 5514 nos
1670 5457 1743 5514 non
1769 5457 1961 5534 possumus
1987 5441 2180 5532 inteiligere

1361 5565 1493 5657 abqtnd
1517 5565 1613 5651 boui,
1642 5565 1819 5658 quomodo
1846 5567 1961 5642 tusis
1987 5567 2089 5641 detor
2115 5569 2178 5639 nd·

1361 5699 1444 5770 ster.
1472 5673 1600 5772 iterum
1630 5703 1746 5774 auem
1772 5697 1897 5790 loquer
1923 5695 1962 5770 iu
1988 5701 2179 5786 conspeetu
