4594 6452
862 256 1065 326 -raa-
1212 225 1217 236 '

83 411 320 508 καθαιρήσοντά
342 437 378 482 σι
406 406 440 492 li
469 419 544 503 Aple
573 411 755 494 ιιιλιίσιιις,
778 413 832 479 καί
854 421 915 480 τῶν

83 529 196 596 τόπων
218 527 463 619 μιταστίισοντα.
626 507 633 520 ’

135 639 269 731 Ὀμοίως
284 631 318 708 ll
333 643 386 707 καί
399 629 589 732 Ἀλεξάνδρῳ
604 649 649 724 τῷ
671 639 827 723 ἀπιοκόπιρ
841 637 915 729 ὑπὲρ

85 751 208 845 ’Λριίου
230 754 273 820 τά
293 749 348 820 loe
370 753 507 846 ίγραριν·

481 929 529 1024 ra.

87 1145 295 1206 nnrsroan
334 1143 413 1202 ror
447 1143 777 1203 onooreesnlror
808 1145 914 1202 enrr-

138 1259 240 1317 ΑΕΩΣ
271 1256 579 1315 ΚΩΝΣΤΑΝΤΙΝΟΥ
609 1258 712 1315 ΠΡΟΣ
743 1259 913 1317 ΑΛΕΞΑΝ-

139 1372 243 1428 ΔΡΟΝ
265 1369 500 1428 ΕΠΙΣΚΟΠΟΝ
521 1367 824 1430 anomalum.

139 1543 275 1618 Νικπτλς
289 1551 515 1616 numerarer
529 1543 671 1636 μίγιστος
685 1542 835 1625 σιβαστός
853 1535 928 1610 πα(

92 1657 142 1746 τρὶ
156 1645 346 1745 Ἀλιξάνδρῳ
369 1653 535 1738 ίπισκόπῳ.
559 1657 622 1720 Καὶ
643 1664 693 1720 νῦν
716 1651 776 1747 ἀρα
792 1665 816 1738 1ό
830 1681 914 1748 παμ-

90 1771 198 1860 μίαρος
213 1767 316 1858 ρθόνος
331 1768 457 1843 ἀνοσίοις
470 1767 651 1859 ἀπιρθίσιως
665 1771 844 1859 σοφίσμασιν
864 1775 915 1834 ἀν·

91 1878 289 1950 θυλακτόσιι·
304 1879 335 1944 τί
350 1873 399 1944 οὖν
422 1879 494 1970 πρός
507 1879 544 1945 τό
566 1879 677 1972 παρόν;
700 1879 814 1973 Ἔτιρα
830 1879 915 1973 παρά

90 1990 135 2056 τά
167 1991 226 2056 ἀπὸ
248 1999 302 2057 τοῦ
326 1993 414 2082 ἀγίου
444 1991 619 2080 Πνσόματος
647 1985 689 2058 δι’
704 1999 784 2082 ὑμῶν
814 2015 915 2084 ιιιιιρι-

90 2103 170 2192 μίνα
194 2095 430 2195 δογματίζομιν,
451 2093 568 2194 ἀδιλρά
589 2103 757 2194 τιμιότατι
768 2129 778 2188 ;
799 2101 915 2195 Ἀριιον

90 2213 209 2304 Ἀρειον
232 2221 341 2280 ίκιϊνον
355 2214 438 2306 λόγω
452 2215 525 2306 πρός
546 2213 601 2306 apl
616 2215 670 2282 τὸν
693 2215 844 2300 σεβαστόν
860 2220 914 2282 ιλ-

92 2325 154 2392 θιϊν
174 2332 209 2392 ὲκ
231 2327 452 2418 παρακλήσεως
466 2329 617 2394 πλιίστων
631 2330 716 2406 όσιον,
732 2333 831 2394 ἀκτῖνα
847 2351 913 2418 ρρο·

91 2449 151 2504 nain
181 2439 248 2530 περί
269 2449 326 2514 τῆς
348 2437 513 2516 καθολικῆς
541 2443 672 2532 πίστιος
701 2449 785 2530 ἡμῶν
812 2447 914 2532 ἀπαγ-

92 2551 292 2642 γιλλόμινον,
316 2551 392 2642 ἀπιρ
415 2559 446 2618 le
467 2563 508 2640 τῇ
539 2551 624 2618 κατά
647 2554 775 2620 Νίκαιαν
801 2544 915 2636 συνόδῳ

94 2658 134 2728 δι’
151 2669 231 2754 ὑμῶν
260 2663 369 2755 ὡρίσθη
400 2665 453 2730 καί
483 2663 666 2757 θκρατόνθιι,
692 2665 839 2756 παρόντος
861 2663 915 2729 καί

93 2769 293 2867 σιινορίζοντος
315 2783 415 2867 κάμοῦ
433 2787 488 2843 τοῦ
510 2777 651 2867 ῦμςτίρου
673 2775 914 2868 συνθιρόιποντος.

95 2897 291 2980 Παραχρῦμα
311 2883 361 2954 οὖν
383 2883 469 2965 οὗτος
492 2887 559 2979 ἅμα
581 2887 634 2954 anis
655 2883 916 2980 Εῦζιοίιρ,γνόντις

94 2997 237 3072 δηλονότι
252 3001 309 3074 τὴν
332 3011 387 3067 τοῦ
410 3003 568 3084 βασιλικοῦ
589 3001 827 3093 προστάγματος
846 2995 916 3067 Goio-

93 3119 190 3194 λπσιν,
212 3115 356 3206 ἀφίκοντο
371 3113 443 3206 πρός
464 3121 554 3205 ἡμᾶς.
571 3111 735 3204 Διιλίχθτιν
749 3108 799 3179 οὖν
815 3119 916 3190 αὐτοῖς

93 3225 249 3318 παρόντων
270 3227 415 3292 πλειόνων
445 3227 511 3320 πιρί
533 3235 588 3292 τοῦ
618 3225 712 3320 λόγου
740 3237 798 3302 ric
827 3219 914 3306 ζωῆς.

94 3337 176 3430 Ἐγώ
198 3347 258 3430 ιίμι
279 3347 297 3404 ό
320 3337 473 3432 ἅνθρωπος
494 3347 619 3420 ἐκεῖνος,
641 3339 673 3416 θς
694 3339 747 3406 τὸν
773 3349 839 3406 νοῦν
861 3341 915 3406 τόν

94 3457 227 3539 ἐμαυτοῦ
252 3451 334 3542 μιτιί
356 3453 485 3529 πίστιος
515 3457 682 3544 εἰλικρινοῦς
713 3451 848 3526 ἀνίθτιιια
870 3459 915 3534 τῷ

142 3658 220 3744 Cap.
236 3658 303 3728 XV.
329 3657 460 3728 Nullam
482 3657 603 3729 olleurli
625 3657 725 3746 hujus
747 3655 916 3745 Epistolae

97 3767 268 3852 politiam,
300 3785 383 3856 quae
415 3787 456 3838 ex
486 3769 715 3856 praecedentis
745 3771 914 3858 Epistulae

97 3885 190 3966 parto
220 3887 255 3950 οι
284 3897 326 3950 ex
356 3882 484 3950 rationo
515 3887 727 3969 temporum,
752 3891 915 3970 quatenus

96 3989 282 4062 Alexandro
320 3993 478 4080 episeopo
510 3995 729 4066 Alexandriae
767 3997 914 4085 seripla,

97 4103 208 4190 spuria
232 4105 402 4178 evincitur.
428 4109 475 4176 Ci.
499 4107 583 4177 inlra
607 4115 676 4178 not.
702 4111 733 4178 l.

142 4218 298 4288 *chuta
320 4219 406 4290 malo
429 4219 561 4302 habim
590 4239 631 4290 er
657 4220 804 4308 vestigiis
836 4221 912 4308 lopo

97 4336 259 4418 ἡμῶν...
291 4330 424 4422 apione,
456 4331 577 4402 eollalo
604 4331 704 4402 otiam
734 4331 801 4402 Ana
832 4331 913 4420 Epi·

99 4442 214 4512 stolae.

142 4553 235 4624 ¹Sio
258 4555 374 4626 codex.

141 4665 154 4710 ³
177 4667 342 4749 Socrates,
367 4669 392 4752 l,
414 4689 510 4754 ιιιιι,
534 4669 750 4752 sozomenus,
771 4671 816 4754 ll,
838 4689 913 4748 arn,

99 4775 328 4864 Theodorilus,
352 4781 380 4865 l,
405 4803 492 4862 xrvr,
515 4781 721 4868 liioephorus
746 4781 914 4866 Callistus,

102 4891 181 4974 vill,
205 4913 284 4960 ων.

143 5005 262 5084 ⁸Quae
277 5003 330 5074 hie
343 5003 384 5076 de
400 5005 495 5075 aunis
510 5005 721 5095 episcopatus
737 5005 914 5086 Alexandri

100 5121 294 5200 narrantur,
318 5115 409 5186 nulla
432 5117 559 5190 ratione
582 5119 751 5189 oonoiliari
773 5125 916 5206 possunt

100 5243 174 5295 euna
196 5227 247 5312 iis,
264 5247 347 5316 quae
362 5227 405 5300 de
428 5231 501 5318 ejus
523 5237 631 5302 morlo
655 5231 755 5302 aradii
773 5233 915 5302 Athana-

100 5339 167 5408 sius
189 5340 224 5408 in
239 5341 399 5428 Apologia
423 5349 537 5412 oonlra
553 5343 692 5412 Arianos
716 5363 747 5430 p.
767 5345 845 5429 llll,
861 5327 912 5414 ed.

99 5453 222 5536 ilenti,
238 5471 358 5540 nempe
373 5461 450 5524 ante
466 5461 649 5525 transactos
662 5457 808 5544 quinque
822 5473 916 5526 men·

100 5581 152 5634 ses
174 5581 193 5632 a
216 5563 357 5636 Nieaena
379 5567 507 5653 synodo
523 5583 600 5636 eom
623 5567 764 5650 obiisse;
788 5575 823 5638 et
838 5577 916 5656 post

94 5675 243 5762 quinutu
264 5693 397 5748 menses
420 5697 438 5748 a
468 5679 609 5750 Νἰιιοιιι
639 5679 767 5767 synodo
791 5681 915 5752 obiisse

101 5787 196 5858 lrarlit
219 5795 253 5858 et
276 5789 498 5860 insolentes
521 5793 558 5878 l,
581 5813 664 5862 τινι.
689 5793 736 5863 (ll.
761 5799 796 5862 el
818 5799 915 5866 nolas

102 5901 141 5970 ao
165 5901 336 5974 socraten
359 5901 411 5974 ed.
434 5903 581 5993 neaunp
595 5906 620 5993 l,
636 5927 686 5978 ιιι.
711 5905 779 5978 Sed
801 5905 915 5977 eonio-

1007 424 1084 498 Θιῷ·
1106 413 1168 508 ipo
1189 421 1248 505 ιίμι
1271 423 1287 482 ό
1309 415 1448 509 ῦμίτιρος
1469 417 1658 510 σονθιρόιπων
1678 419 1830 498 θςπάοαν

1005 527 1063 600 τὴν
1085 529 1230 619 περὶτῆς
1251 536 1271 601 ἡ
1282 579 1446 601 ..........
1448 531 1460 578 ¹
1486 531 1539 596 καί
1561 533 1700 621 ὁμονοίας
1714 533 1827 623 inan-i,-

1005 665 1099 732 ρυμαι
1114 633 1266 732 φροντίδα.
1283 642 1346 707 Καὶ
1368 639 1436 732 μεθ’
1452 641 1550 734 ίτιρα·
1565 639 1751 711 'animle
1766 669 1827 711 τοι·

1004 763 1113 848 γαροῦν
1135 759 1169 818 οῦ
1191 753 1280 844 μόνον
1295 753 1539 844 ἀναμιμνήσκον,
1556 755 1641 822 ἀλλά
1664 759 1718 824 καί
1737 749 1827 834 ἀξιῶν

913 911 917 920 ·
1003 857 1210 943 ὑποδέξασθαι
1232 865 1301 943 τοὺς
1323 865 1492 958 ἀνθρώπους
1515 867 1712 946 ίιιιττόοντας.
1736 873 1827 960 Εῐπιρ

1004 973 1054 1046 οὖν
1076 988 1132 1056 τῆς
1154 984 1185 1043 ὲν
1207 981 1320 1062 Nazala
1344 977 1517 1055 ἀκτιθιίσπς
1538 979 1626 1070 ὀρθῆς
1649 982 1702 1047 καί
1733 983 1827 1048 ιίσαιὶ

982 1083 1102 1168 ’ζώσης
1121 1095 1328 1166 ἀποστυλιιιῆς
1349 1092 1480 1166 πίστιος
1502 1093 1760 1184 ἀντιποιουμίνους
1775 1099 1826 1160 αὺ-

1004 1207 1073 1284 τοὺς
1093 1207 1243 1299 κόρασοὶ
1264 1217 1356 1272 τοῦτο
1379 1205 1438 1298 γάρ
1461 1207 1514 1272 καί
1541 1209 1589 1298 ἀρ’
1605 1215 1689 1298 ἡμῶν
1712 1219 1825 1300 ρρονιϊν

1004 1313 1267 1404 διιόοβαιόισαντο·
1286 1318 1478 1410 προνοήσατσ
1497 1318 1629 1398 πάντιον,
1644 1325 1825 1411 παρακαλῶ.

1003 1433 1078 1501 'Eris
1107 1433 1167 1526 γάρ
1189 1433 1304 1498 τοότιιν
1333 1431 1485 1504 ποιήσητε
1515 1431 1655 1524 πρόνοιαν
1677 1433 1720 1499 τά
1751 1435 1824 1524 μίσο

1003 1557 1060 1622 τῆς
1089 1547 1227 1636 ὁμονοίας
1256 1543 1401 1616 νικήσιτι
1424 1543 1469 1610 ἀν.
1493 1539 1733 1634 Ἐπικουρήσατι
1755 1540 1825 1622 οὖν,

1003 1663 1185 1749 παρακαλῶ,
1207 1667 1247 1743 τῇ
1271 1657 1415 1748 ὁμονοία,
1439 1653 1683 1748 σινιισινίγκατι
1705 1656 1747 1722 τά
1770 1667 1827 1732 τῆς

1003 1771 1105 1862 ριλίας
1126 1767 1211 1848 καλοὶ
1234 1768 1306 1860 πρός
1321 1767 1390 1844 τοὺς
1411 1766 1454 1832 τά
1470 1776 1526 1842 τῆς
1548 1769 1677 1844 πίστιος
1698 1768 1743 1858 μὴ
1759 1759 1825 1834 δια·

1003 1881 1204 1974 κρινομένους,
1227 1879 1377 1952 ποιήσατέ
1400 1903 1440 1970 με
1462 1885 1590 1945 ἀκοῦσαι
1612 1891 1725 1960 ταῦτα,
1749 1879 1826 1970 ἀπιρ

1005 1997 1153 2084 βούλομαι
1176 1995 1228 2062 καὶ
1251 1991 1404 2082 ternpus,
1427 1991 1484 2063 τὴν
1506 2001 1566 2056 τῶν
1594 1991 1717 2058 πάντων
1743 2001 1824 2082 ὑμῶν

1003 2107 1119 2200 elpines
1149 2107 1203 2172 καί
1228 2105 1377 2194 ὁμόνοιαν.
1400 2102 1440 2168 '0
1464 2103 1540 2182 Θιός
1561 2127 1596 2170 σι
1619 2095 1825 2195 διαφυλάξαι,

1004 2218 1102 2310 πάτιρ
1124 2217 1303 2309 τιμιόντατι.
1846 2229 1849 2237 ’

1051 2333 1179 2398 Ταῦτα’
1203 2331 1330 2422 όγραριν
1353 2337 1370 2395 ό
1393 2322 1554 2407 όασιλιός,
1576 2337 1631 2394 τοῦ
1652 2333 1825 2406 λυσιτελοῦς

1004 2443 1164 2538 γινόμινος,
1184 2441 1296 2532 καὶμὴ
1312 2433 1491 2530 θοολόμινος
1505 2439 1563 2512 rin
1577 2442 1742 2512 ἐκκλησίαν
1758 2433 1826 2508 δια·
1855 2515 1863 2544 .

1003 2556 1149 2624 σπάσθαι·
1161 2555 1229 2632 τοὺς
1244 2555 1303 2646 γάρ
1317 2553 1437 2630 πάντας
1453 2553 1503 2618 ἐπὶ
1515 2551 1572 2622 τὴν
1587 2553 1726 2642 όμονοίαν
1741 2551 1826 2646 ἀγιιν

1003 2659 1181 2744 ἐσπούδαζε.
1198 2657 1363 2758 Διξάμινος
1387 2657 1421 2730 ll
1441 2673 1457 2730 ό
1481 2662 1557 2741 iaia:
1571 2655 1769 2756 ἰίλίξανδρος
1783 2665 1826 2730 τά

1003 2789 1057 2846 τοῦ
1081 2779 1227 2864 βασιλίως
1248 2778 1437 2870 γράμματα,
1461 2777 1514 2842 καί
1537 2778 1640 2868 ὀλίγον
1662 2777 1826 2861 ἐπιβιώσας

1004 2891 1108 2983 χρόνον
1123 2893 1262 2982 μακαρίῳ
1276 2891 1358 2976 τόλιι
1373 2889 1585 2982 μιταλλάπτιι
1600 2889 1653 2956 τόν
1672 2884 1746 2971 όίον,
1761 2897 1824 2958 ἀπι-

1003 3003 1162 3080 σκοπάσας
1182 3003 1240 3074 τὴν
1262 3007 1294 3068 ἐν
1308 2993 1522 3094 ’Δλιξανδριίρ
1536 3011 1591 3068 τοῦ
1615 3011 1693 3072 θεοῦ
1714 3009 1824 3076 ἐκκλη-

995 3117 1071 3182 ’σίαν
1094 3115 1136 3182 τοὶ
1167 3117 1227 3180 όλα
1250 3113 1306 3186 ίτη
1342 3111 1394 3190 ις’·
1417 3114 1474 3206 πρό
1497 3113 1551 3206 μίν
1574 3124 1631 3190 τῆς
1659 3121 1690 3182 ὲν
1713 3117 1826 3199 Nosala

1003 3219 1127 3294 συνόδου
1149 3227 1204 3300 ίτη
1229 3225 1268 3306 θ’,
1282 3235 1366 3316 μῆνα
1388 3225 1453 3310 ἕνα,
1469 3227 1522 3290 καί
1536 3224 1579 3290 τά
1602 3231 1633 3291 ἐν
1656 3235 1695 3314 τῇ
1712 3217 1826 3308 συνόδῳ

1004 3341 1060 3412 lan
1075 3341 1154 3432 τρία,
1169 3350 1266 3430 μῆνας
1280 3333 1329 3414 ς’·’
1339 3338 1392 3402 καί
1414 3335 1495 3426 μιτά
1509 3335 1567 3408 τλν
1588 3329 1709 3402 σίινοδον
1725 3337 1780 3408 ivn
1792 3335 1822 3429 γ’

1004 3463 1102 3543 μῆνας
1120 3451 1175 3520 ε’·ι
1190 3459 1265 3542 ὁμοῦ
1279 3449 1321 3516 'cel
1337 3447 1442 3516 πάντα
1458 3447 1514 3518 lna
1533 3445 1585 3523 ις’.
1597 3444 1776 3525 Ἀθανάσιος
1790 3439 1825 3516 δί

1003 3659 1127 3732 roudus
1150 3663 1202 3726 osl
1216 3655 1316 3724 etiam
1333 3655 1491 3737 ceraton,
1512 3653 1574 3720 lle
1589 3652 1694 3720 nerea
1709 3655 1826 3722 ιειιιιι
1899 3643 1906 3654 ’

1002 3769 1243 3859 osAalenesius,
1259 3785 1291 3854 p.
1304 3787 1422 3849 ιιιιιι,
1439 3782 1522 3852 σοις,
1538 3765 1610 3851 Syr.
1620 3783 1651 3851 p.
1666 3765 1727 3852 (l),
1741 3771 1775 3834 ol
1791 3763 1824 3834 in

1002 3883 1148 3954 odilione
1163 3879 1280 3966 Annali
1295 3877 1368 3962 Alai,
1384 3879 1422 3946 N.
1440 3875 1502 3946 P'P.
1520 3875 1603 3946 Bibl.
1621 3881 1644 3944 ι.
1656 3877 1709 3961 vl,
1726 3893 1757 3964 p.
1771 3897 1825 3960 ιιι,

1002 3997 1064 4066 eal
1082 3995 1206 4082 primae
1218 3991 1331 4077 partis.
1349 3991 1391 4058 lea
1407 3989 1488 4058 salis
1499 3987 1645 4058 nonulla
1659 3995 1722 4074 est,
1734 3987 1825 4076 quod

1001 4127 1043 4180 er
1066 4123 1153 4176 anno
1177 4103 1295 4174 mortis
1318 4101 1497 4172 Alexandri
1517 4101 1612 4187 juxta
1636 4099 1700 4170 ista
1723 4101 1838 4170 doen·

1000 4225 1122 4302 ιοοιιιο,
1146 4233 1267 4303 ιιοιορο
1290 4217 1370 4298 828,
1386 4219 1534 4284 exstaret
1556 4229 1686 4284 summa
1705 4215 1747 4282 lo
1764 4231 1824 4282 an-

1001 4349 1122 4404 norum
1145 4331 1358 4418 episcopatus
1380 4325 1558 4398 Alexandri
1583 4313 1682 4414 r'puam
1710 4335 1826 4398 noster

1002 4445 1050 4516 illi
1073 4443 1240 4532 assignat,
1263 4447 1314 4511 tol
1336 4441 1426 4510 enim
1457 4439 1575 4510 oonlloi
1608 4447 1751 4526 possunt
1780 4439 1822 4508 ab

1003 4575 1091 4628 anne
1114 4558 1204 4640 ῦίῦ,
1227 4571 1294 4641 quo
1326 4551 1504 4640 episeopus
1527 4557 1659 4622 oreatus
1686 4559 1759 4633 esi,
1784 4552 1826 4620 ad

1004 4671 1083 4754 888,
1100 4685 1167 4756 quo
1183 4665 1329 4736 obiisset.
1351 4664 1493 4734 Facilius
1513 4663 1647 4751 quidem
1671 4681 1756 4750 quae
1772 4664 1826 4732 hie

1005 4785 1180 4852 narrantur
1202 4775 1417 4846 eonrenirenl
1447 4774 1482 4842 in
1505 4775 1729 4846 Alexandrum
1753 4775 1826 4864 epl-

1004 4909 1145 4980 soepum
1176 4887 1603 4974 constantinopolitanum,
1635 4903 1734 4972 quern
1767 4907 1826 4956 ur·

1005 5007 1103 5094 ponat
1126 4999 1362 5074 constantinus
1385 5005 1423 5072 nl
1445 4997 1561 5068 Arium
1585 4997 1759 5085 reciperet,
1783 5001 1824 5068 ol.

1005 5121 1177 5188 Socratem
1200 5117 1229 5200 l,
1254 5133 1369 5192 xxxin,
1396 5131 1523 5194 ιιιιιιι,
1549 5115 1584 5179 et
1607 5109 1699 5180 loeos
1723 5111 1825 5182 Atha-

1004 5231 1087 5301 nasii
1118 5231 1151 5300 in
1186 5227 1274 5298 nolis
1306 5225 1474 5294 rariorum
1501 5223 1640 5306 allatos,
1665 5225 1825 5294 sozome-

1004 5361 1086 5414 num
1108 5345 1159 5428 ll,
1184 5361 1280 5424 ura,
1303 5361 1378 5406 ιιι.
1403 5336 1470 5406 sod
1496 5335 1573 5404 anni
1597 5335 1670 5422 ejus
1693 5335 1825 5422 episeo-

1005 5463 1103 5546 palus
1126 5473 1194 5524 non
1218 5451 1419 5523 conveniunt
1442 5465 1518 5520 οοιιι
1541 5463 1703 5532 numero,
1727 5465 1827 5536 quem

1004 5569 1105 5638 hahet
1127 5571 1244 5636 noster
1267 5571 1393 5648 ιοοιοι,
1410 5579 1486 5632 euru
1508 5561 1553 5632 23
1577 5577 1684 5630 annos
1699 5561 1828 5632 sedisse

1005 5677 1137 5750 turiani
1160 5679 1315 5748 socrates
1342 5677 1389 5760 ll,
1412 5695 1458 5758 ιι,
1481 5673 1603 5760 aliique
1626 5673 1740 5760 pluras
1763 5673 1826 5744 ibi·

1006 5791 1082 5862 dem
1105 5789 1194 5860 allati
1217 5789 1252 5858 in
1275 5788 1365 5860 nolis
1387 5786 1564 5857 rariorum.
1597 5786 1665 5858 Sal
1688 5785 1750 5856 isla
1773 5787 1824 5856 di·

1005 5905 1150 5978 neuneu
1173 5903 1284 5984 loeti..

1673 6033 1693 6080 'l'
