4594 6452
905 238 1090 314 ..gp-

131 401 198 468 ιιιι.
228 393 299 468 Scit
326 391 418 468 enim
444 387 587 462 ιιιιιιι
620 394 780 479 tempus,
810 387 854 464 de
882 407 952 481 qne

132 521 262 594 dictum
281 521 345 594 luit
362 535 442 593 esse
455 517 562 592 linem
580 523 789 609 temporum.
806 517 953 596 Animae

133 654 248 722 autem
258 647 455 737 impiorum,
467 663 547 718 cnm
561 643 730 718 videbunt
743 646 860 718 emnia
874 645 950 728 ista,

133 781 220 870 lunc
231 774 340 864 magb
357 772 546 846 tabescent.
562 773 687 846 Sciunt
706 773 798 846 enim
813 773 953 846 venisse

133 901 484 992 suppliciamentum
513 903 548 972 et
572 897 759 972 advenisse
785 899 951 990 perditio·

133 1045 215 1102 nem
233 1045 366 1102 eorum.

187 1155 250 1230 ιι.
279 1157 321 1230 ιιι
347 1156 411 1228 ιιιι
429 1163 508 1248 post
535 1157 631 1240 baec,
658 1157 795 1246 perrexi
816 1174 881 1248 ego
910 1155 955 1230 ad

133 1284 326 1376 populum,
362 1289 396 1357 et
423 1281 494 1356 dixi
522 1286 596 1358 eis:
625 1285 841 1376 congregate
869 1284 954 1358 mibi

134 1429 256 1484 omnes
284 1411 442 1484 seniores
470 1417 616 1494 vestros,
643 1418 678 1484 et
708 1411 832 1502 loquar
854 1411 972 1485 vobis'

133 1540 249 1614 verba.
269 1541 312 1613 ιιι
338 1541 536 1632 congregati
563 1542 646 1614 sunt
673 1558 797 1614 omnes
824 1541 861 1614 in
889 1541 957 1614 val·

133 1669 202 1742 lem
222 1667 370 1741 cedron.
391 1668 432 1740 El
450 1667 617 1760 respondi
635 1673 670 1740 et
687 1667 759 1740 dixi
778 1669 845 1742 eis:
868 1668 956 1742 ludi

133 1797 249 1878 lsrael,
271 1803 306 1870 et
332 1797 455 1888 loquar
473 1795 548 1880 tibi,
569 1801 604 1870 et
626 1801 674 1878 ιιι,
695 1813 817 1868 semen
836 1794 953 1878 Jacob,

133 1925 299 2006 ausculta,
329 1931 364 1997 ιι
381 1924 538 1997 erudiam
560 1929 604 1996 ιι.
624 1924 673 1998 Ne
701 1923 955 1996 obliviscamini

134 2053 231 2136 Sion,
260 2049 324 2125 sed
350 2049 582 2124 recordamini
610 2051 789 2141 angustias
816 2049 954 2123 Jemsa·

133 2180 214 2252 lem.
233 2179 322 2250 lione
341 2177 434 2250 enirn
453 2175 528 2250 dies
556 2177 710 2261 veniunt,
741 2183 776 2250 et
793 2195 952 2251 assume·

133 2313 190 2380 tur
207 2305 244 2378 in
271 2305 529 2394 corruptionem
558 2321 663 2377 omne
691 2303 788 2396 quod
815 2303 890 2387 luit,
920 2310 955 2378 et

133 2435 200 2508 crit
217 2439 393 2524 tamqnam
412 2451 483 2505 non
502 2433 618 2506 tuerit.

188 2561 251 2632 32.
270 2557 343 2634 Vos
362 2567 475 2634 autem
494 2561 524 2634 si
545 2562 830 2652 praepararerilis
849 2562 954 2636 corda

135 2695 260 2772 vestra,
281 2693 318 2760 nl
344 2689 524 2762 seminetis
551 2689 587 2762 in
614 2689 668 2762 eis
693 2689 826 2764 tructus
853 2689 953 2782 legis,

134 2821 293 2908 proteget
311 2835 372 2890 ros
393 2817 428 2888 in
449 2816 508 2889 illo
527 2821 696 2924 tempore,
718 2817 755 2888 in
774 2833 844 2908 quo
863 2816 954 2890 tutu·

136 2962 212 3017 rum
232 2949 296 3026 est,
317 2950 355 3016 ut
381 2945 493 3018 Fortis
513 2945 688 3018 concutiat
705 2961 845 3018 omnem
865 2963 957 3018 crea·

135 3079 259 3144 turam.
288 3071 374 3158 Quia
402 3077 482 3162 post
508 3071 684 3146 modicum
711 3059 849 3162 tempus
876 3089 958 3146 con·

136 3199 284 3274 cutietur
320 3197 512 3272 aedilicatio
545 3198 651 3280 Sion,
684 3203 724 3270 ut
755 3195 957 3271 aedificetur

132 3329 274 3402 iterum.
303 3327 431 3400 Verum
447 3345 533 3400 nun
560 3327 779 3418 permanebit
796 3327 871 3418 ipsa
899 3327 957 3400 illa

135 3453 339 3538 aedificatio,
359 3453 423 3526 sed
442 3453 567 3526 iterum
585 3458 664 3544 posl
690 3459 827 3545 tempus
848 3453 958 3527 eradi·

135 3581 278 3664 cabitur,
299 3587 334 3654 et
360 3579 579 3672 permanebit
597 3579 750 3656 desolata
766 3557 884 3674 'usque
912 3581 956 3656 ad

134 3715 284 3800 tempus.
300 3709 342 3781 lit
359 3713 480 3799 postea
495 3713 634 3799 opertet
652 3709 811 3782 renovari
830 3709 866 3783 in
885 3709 957 3802 glo

135 3837 209 3920 ria,
239 3843 274 3909 et
300 3835 523 3910 coronabitur
553 3837 590 3909 in
622 3844 841 3928 perpetuum.
878 3838 955 3914 Nun

136 3981 219 4054 ergo
247 3961 350 4036 debet
386 3979 453 4036 nos
492 3963 728 4038 contristare·
756 3965 824 4040 boc
851 3985 956 4042 omne

135 4108 243 4182 super
264 4091 354 4164 malo
373 4089 470 4196 quod
496 4091 697 4183 supervenit
715 4109 821 4176 nunc,
849 4095 954 4170 sicuti

134 4235 241 4310 super
259 4219 375 4309 aliquo
390 4217 485 4310 quod
499 4217 652 4292 tutumm
671 4226 753 4294 erat.
774 4219 860 4294 Prae
874 4221 956 4294 dua·

133 4348 202 4421 bus
216 4329 328 4420 antem
348 4321 628 4420 tribulationibus
643 4347 752 4438 major
766 4349 832 4421 erit
849 4367 951 4440 agon,

133 4473 273 4573 quando
288 4473 441 4548 loturum
452 4479 516 4558 ιιι,
533 4481 571 4548 ιι
584 4475 695 4550 Fortis
709 4476 954 4550 innovetcrea·

135 4607 247 4674 turam
261 4619 371 4674 suam.
387 4603 430 4676 Et
444 4621 537 4676 nnnc
551 4621 596 4677 ne
610 4605 895 4696 appropinquetis
909 4605 954 4680 ad

135 4747 191 4802 ιιι
210 4747 322 4820 usque
341 4728 386 4804 ad
411 4748 542 4821 pancos
562 4729 649 4814 dies,
670 4750 786 4824 neque
805 4733 952 4808 visitetis

135 4856 952 4944 medonecveniamadvoslltlactumcstcum

135 4985 272 5062 locutus
290 4985 435 5060 inissem
454 4985 499 5058 ad
517 5003 579 5060 eus
597 4988 714 5060 omnia
732 4987 836 5061 rerba
854 4987 951 5074 baec,

133 5111 205 5188 abii
224 5131 289 5204 ego
316 5112 450 5188 lterucb
478 5115 513 5188 in
541 5114 631 5188 vlam
659 5133 783 5200 meam,
804 5135 954 5210 cumque

136 5234 282 5316 vidisset
299 5259 355 5316 me
372 5243 524 5334 populus
542 5245 833 5336 proticiscentem,
853 5253 953 5321 extu·

135 5369 251 5442 lerunt
268 5387 389 5442 vocem
409 5377 557 5444 suamet
574 5372 790 5463 ejulaverunt
807 5379 843 5446 ιι
860 5373 956 5449 dixe·

134 5503 236 5572 runt:
266 5497 342 5584 Quo
361 5497 633 5588 proficiscerisa
661 5499 775 5584 nobis,
805 5499 953 5586 Barucb,

133 5631 171 5698 et
198 5623 367 5718 relinquis
385 5643 451 5700 nos
470 5625 561 5700 sicut
585 5633 685 5716 pater
703 5627 764 5718 qui
790 5627 956 5720 relinquit

100 5839 106 5850 ,
135 5749 226 5828 tilios
253 5769 339 5826 suos
367 5751 554 5846 orpbarros,
583 5759 619 5830 ιι
644 5753 792 5854 ιιιιιιιιιι
818 5754 862 5830 ab
882 5755 956 5830 uisi

1098 393 1361 482 :tuflttaeccine
1380 399 1463 468 sunt
1482 393 1641 468 mandata
1661 413 1863 486 quaeman-

1044 519 1137 594 darit
1154 520 1216 593 tibi
1235 521 1354 594 socius
1373 527 1454 594 tuus
1472 521 1620 594 teremia
1638 520 1808 612 propbeta
1827 528 1863 596 ct

1043 647 1132 720 dixit
1148 645 1230 727 tibi:
1260 645 1423 738 Prospice
1441 649 1572 739 populo
1596 649 1653 722 isti
1673 647 1756 722 dum
1784 667 1861 722 eam

1044 777 1079 844 et
1092 774 1293 846 confirmem
1309 774 1462 864 reliquos
1483 773 1604 848 iratres
1620 775 1656 848 in
1672 775 1860 867 Babylone,

1044 907 1162 974 contra
1189 919 1279 992 qnos
1307 903 1391 974 exiit
1408 904 1581 976 sententia
1599 910 1637 976 nt
1664 905 1700 976 in
1719 905 1862 996 captivi·

1044 1033 1146 1100 tatem
1175 1027 1371 1100 ducanturi
1397 1029 1439 1100 nt
1470 1048 1565 1102 nunc
1598 1031 1629 1104 si
1657 1037 1695 1103 lu
1722 1049 1864 1124 qnoque

1044 1155 1331 1246 reliquerimus,
1361 1155 1486 1228 melius
1515 1163 1569 1230 ιιι
1595 1157 1699 1230 ιοιιι
1727 1163 1765 1231 ιι
1792 1176 1865 1232 me·

1044 1281 1174 1352 riamnr
1201 1281 1316 1354 cuncti
1344 1281 1380 1352 in
1409 1287 1598 1372 conspectu
1626 1289 1698 1366 tuo,
1719 1289 1753 1358 et
1780 1291 1864 1358 tuuc

1045 1407 1220 1498 elongeris
1239 1425 1258 1478 a
1277 1407 1391 1480 nobis.

1098 1533 1160 1606 et.
1189 1533 1231 1606 Et
1249 1533 1416 1626 respondi
1436 1541 1470 1608 ιι
1488 1536 1559 1608 dixi
1579 1537 1735 1628 populo:
1764 1537 1865 1612 Absit

1044 1681 1065 1734 a
1092 1679 1159 1744 ιιι,
1190 1667 1227 1734 ut
1253 1663 1448 1754 relinquam
1476 1679 1559 1743 ros.
1589 1669 1647 1736 aut
1675 1665 1866 1756 elongata

1032 1788 1156 1872 uobis,
1185 1789 1250 1862 sed
1275 1795 1408 1862 ιιιιιιιι
1437 1789 1495 1863 ibo
1523 1809 1636 1882 usqne
1664 1793 1709 1866 ad
1739 1793 1864 1868 Sancta

1045 1917 1250 1990 Sanctorum
1271 1923 1308 1988 ut
1325 1923 1440 2006 petam
1460 1935 1479 1990 a
1497 1918 1592 1990 Furti
1618 1935 1682 2010 pro
1701 1919 1801 1994 robis
1829 1925 1865 1994 et

1044 2061 1109 2137 pro
1128 2044 1224 2126 Sion,
1243 2044 1275 2116 si
1293 2043 1380 2116 torte
1398 2044 1575 2118 illuminer
1588 2044 1720 2136 aliquid
1739 2047 1867 2140 magist

1046 2174 1081 2244 ιι
1096 2176 1217 2262 postea
1235 2175 1387 2242 revertar
1405 2169 1450 2244 ad
1468 2189 1542 2244 vos.

1099 2297 1163 2370 35.
1191 2297 1233 2370 Et
1249 2298 1297 2370 ιιι
1315 2315 1381 2388 ege
1398 2298 1532 2374 Barucb
1552 2289 1665 2392 usqu'e
1684 2301 1729 2374 ad
1745 2303 1863 2378 locum

1045 2433 1216 2511 sanctum,
1232 2433 1267 2500 et
1284 2427 1361 2500 sedi
1379 2445 1486 2518 super
1504 2429 1622 2502 ruinas
1637 2431 1713 2522 ejus
1733 2438 1767 2504 ct
1782 2433 1866 2506 lieri

1046 2561 1081 2630 et
1107 2555 1197 2628 diri:
1227 2555 1365 2628 Oocnli
1385 2557 1465 2638 mel,
1486 2561 1597 2630 estote
1623 2557 1801 2633 scatebrae
1829 2565 1865 2632 et

1043 2683 1230 2776 palpebrae
1257 2685 1438 2758 oculorum
1462 2679 1630 2759 meorum
1648 2687 1727 2760 lons
1754 2687 1865 2781 lacry-

1045 2831 1191 2886 marum.
1220 2813 1402 2899 Quomodo
1430 2813 1523 2887 enim
1552 2815 1778 2906 ingemiscam
1805 2835 1865 2890 eu·

1043 2959 1108 3032 per
1126 2941 1221 3024 Sion,
1242 2948 1278 3015 et
1296 2942 1473 3034 quomedo
1492 2942 1620 3035 lugebo
1640 2961 1747 3036 super
1764 2945 1863 3020 leru-

1044 3069 1186 3142 salem‘l
1213 3069 1301 3156 Quia
1328 3071 1365 3142 in
1393 3072 1470 3144 loco
1497 3073 1565 3145 isto
1594 3071 1653 3146 ubi
1672 3079 1865 3164 prostratus

1044 3213 1124 3268 sum
1143 3213 1249 3280 nunc,
1279 3195 1362 3270 olim
1391 3199 1557 3272 Summus
1586 3199 1757 3276 Sacerdos
1785 3201 1867 3277 olie-

1044 3323 1141 3408 rebat
1159 3324 1353 3399 oblationes
1372 3333 1520 3410 sanetas,
1542 3333 1577 3400 el
1593 3328 1748 3418 ponebat
1765 3331 1801 3404 in
1822 3349 1864 3404 eo

1043 3423 1177 3526 fumum
1192 3453 1453 3545 thymiamatum
1467 3455 1773 3530 odoramentorum
1789 3475 1866 3532 sna·

1043 3580 1151 3652 vium.
1170 3581 1269 3654 Nune
1287 3588 1401 3656 antem
1420 3583 1507 3658 tacta
1525 3590 1580 3658 est
1596 3583 1711 3676 pulvis
1739 3587 1864 3678 gloria·

1043 3705 1091 3778 lio
1110 3713 1239 3792 nostra,
1260 3715 1295 3782 et
1322 3707 1536 3784 desiderium
1565 3712 1700 3786 animae
1724 3719 1865 3788 nostrae

1044 3851 1160 3908 arena.

1099 3961 1160 4035 36.
1190 3962 1232 4034 ιιι
1257 3981 1337 4036 cum
1365 3963 1451 4037 baec
1479 3963 1647 4038 dixissem
1667 3966 1864 4042 obdormivi

1043 4089 1112 4174 ibi,
1142 4097 1176 4164 et
1202 4089 1272 4164 ridi
1300 4091 1336 4164 in
1364 4099 1466 4166 nocte
1494 4093 1663 4166 visionem
1678 4117 1687 4180 ;
1721 4100 1756 4168 ιι
1783 4113 1865 4172 ecce

1043 4219 1130 4292 silva
1157 4219 1321 4294 arborum
1347 4223 1495 4314 plantata
1523 4225 1559 4296 in
1579 4241 1713 4314 campo,
1735 4231 1769 4298 et
1797 4225 1864 4298 cir·

1042 4349 1252 4426 cnmdabant
1270 4369 1345 4424 earn
1364 4357 1501 4424 montes
1520 4349 1690 4424 sublimes
1709 4355 1744 4424 et
1761 4369 1863 4442 prae·

1042 4484 1143 4570 rupta
1162 4477 1312 4570 rupium.
1329 4483 1364 4554 ιι
1377 4479 1492 4552 lecum
1513 4479 1659 4568 multum
1675 4479 1866 4572 occupabat

1042 4607 1141 4688 silua,
1162 4611 1197 4678 ιι
1214 4623 1296 4678 ecce
1324 4625 1367 4678 ιιι
1395 4605 1542 4680 adverso
1570 4607 1681 4698 ipsius
1709 4601 1866 4682 ascendit

1044 4733 1128 4806 ritis·
1151 4749 1231 4816 nna,
1262 4737 1297 4804 et
1314 4731 1427 4806 desub
1455 4749 1495 4806 ea
1515 4731 1757 4824 egrediebatur
1783 4736 1863 4810 tons

1043 4862 1080 4936 in
1109 4861 1341 4952 tranquillale;
1371 4863 1529 4952 pervenit
1555 4867 1670 4936 autem
1699 4863 1756 4936 ille
1784 4861 1863 4936 lons

1046 4989 1222 5082 usquead
1248 4991 1382 5078 silvam,
1404 4997 1438 5064 et
1463 4990 1574 5064 lautus
1594 4997 1647 5064 est
1673 4991 1710 5063 ιι
1738 4993 1864 5066 linctus

1046 5133 1211 5208 magnos,
1242 5123 1276 5190 ιι
1303 5115 1561 5192 inundaverunt
1587 5119 1713 5192 linctus
1741 5119 1862 5194 silvam

1045 5245 1150 5328 illam,
1180 5250 1215 5318 at
1241 5243 1429 5336 derepente
1456 5245 1719 5320 eradicaverunt
1746 5247 1862 5322 multi·

1045 5369 1202 5444 tudinem
1243 5373 1350 5446 silrae
1386 5373 1508 5456 illius,
1547 5377 1582 5446 nt
1617 5373 1865 5450 sabvertemnt

1046 5515 1169 5572 omnes
1196 5505 1334 5574 montes
1360 5501 1396 5576 in
1425 5501 1571 5574 circuitu
1598 5499 1686 5592 ejus.
1719 5503 1761 5576 ιιι
1787 5503 1863 5578 alti·

1046 5625 1130 5700 tudo
1148 5627 1255 5701 silvae
1282 5627 1538 5713 bumibabatur,
1559 5635 1594 5704 et
1617 5637 1735 5705 vortex
1762 5649 1863 5706 mon·

1046 5753 1132 5828 lium
1171 5753 1373 5832 humiliatus
1408 5751 1496 5842 init,
1526 5764 1561 5834 et
1586 5759 1688 5834 valde
1719 5777 1863 5852 praera-

1729 5934 1751 5988 1.
