4594 6452
1121 185 1123 190 ,
1254 242 1438 322 *md

484 391 603 478 diuam
622 391 986 492 nebrundines
1013 417 1086 472 non
1105 403 1159 476 asi
1185 417 1306 499 nume
1348 489 1357 504 ἢ

476 547 560 612 -rus,
585 533 623 602 at
645 527 790 602 virtutes
817 527 987 631 bonae,
1017 533 1053 600 et
1078 528 1304 620 splendorem

484 656 672 748 iuigurunr,
693 661 727 730 et
744 671 867 730 recena
885 655 1087 737 temanum,
1108 660 1143 727 ei
1159 653 1303 740 ordines

484 785 698 876 principans
729 783 960 874 angelorum.
999 787 1034 855 et
1067 784 1304 874 promptuaria

484 911 585 994 lueis,
609 916 644 984 et
670 911 878 984 mutuionce
893 911 1114 1000 'eunoun
1144 909 1303 982 otiore-

329 1013 335 1026 ’
485 1037 686 1129 stipatione
703 1037 803 1128 iugis.
831 1037 904 1110 iiao
921 1043 1005 1114 aunt
1033 1053 1144 1126 aquae
1162 1041 1304 1127 quartae

484 1163 620 1280 lucidae
637 1181 726 1256 onas
744 1163 874 1238 vidisti
1011 1209 1030 1278 ‘.

537 1291 601 1364 60.
629 1290 672 1362 iii
697 1307 809 1382 aquae
825 1289 969 1382 quinne
992 1289 1117 1380 nigrae
1135 1305 1223 1380 quas
1245 1289 1301 1362 ai-

485 1419 567 1492 diati
587 1417 720 1507 pinara,
739 1417 827 1490 istae
844 1421 927 1492 aunt
946 1431 1051 1506 opera
1070 1433 1161 1506 qnae
1179 1433 1302 1507 opera-

345 1599 347 1603 >
483 1543 612 1620 bantur
628 1543 831 1621 amorrhaei
850 1547 885 1616 et
902 1543 1154 1620 incanutiooes
1170 1543 1302 1634 mapin-
1322 1551 1327 1560 '

450 1751 456 1758 ,
485 1689 574 1754 rom,
595 1687 682 1761 quas
700 1670 880 1754 umbrat,
903 1677 938 1743 et
954 1669 1091 1762 ,badda
1118 1671 1302 1760 mysterio·

484 1817 563 1872 rum
582 1817 716 1882 aornar,
737 1805 772 1874 et
796 1799 977 1889 permistio
1001 1797 1303 1870 denominationis

484 1943 618 2000 corum.
634 1925 703 1998 Sed
721 1931 756 1998 et
772 1925 878 1998 israel
901 1925 1146 1998 canonicavit
1161 1943 1202 1998 sa
1219 1931 1303 1998 tuno

388 2033 391 2036 ¹
482 2056 520 2126 in
538 2054 689 2144 peccatis
707 2055 744 2126 in
762 2053 889 2128 diebus
904 2051 1075 2142 indicum,
1096 2051 1236 2143 wando
1255 2051 1304 2125 vi-

484 2180 613 2255 debant
637 2182 738 2272 signa
764 2181 872 2253 mutu
891 2197 980 2271 quae
1001 2184 1099 2253 erant
1115 2178 1160 2252 ab
1179 2195 1222 2251 co
1240 2179 1315 2271 qni

385 2309 391 2326 '
485 2309 566 2381 [cuii
581 2308 673 2381 ilina.
813 2359 818 2365 -

538 2435 601 2508 di.
628 2434 672 2506 Et
698 2451 808 2524 aquae
834 2445 953 2508 cerua
980 2433 1116 2508 lucidae
1132 2451 1222 2524 quae
1246 2433 1300 2507 ai·

485 2560 583 2644 disti,
612 2561 707 2644 istud
731 2567 787 2636 cst
813 2562 1100 2660 temptatoque
1126 2569 1230 2635 natus
1247 2567 1303 2636 eat

483 2687 593 2760 David
610 2693 645 2760 ot
664 2688 840 2760 Salomon.
860 2687 902 2758 iii
919 2685 984 2762 iuit
1005 2688 1048 2760 in
1064 2687 1125 2760 iilo
1143 2695 1300 2780 tempore

483 2813 674 2888 audoenio
702 2815 807 2897 Sion,
836 2821 872 2888 et
898 2812 1069 2887 dediouin
1096 2815 1299 2896 aauotuarii,

483 2948 519 3015 ot
535 2941 659 3014 edesio
677 2942 858 3032 sauguinis
884 2942 984 3014 multi
1010 2942 1219 3033 populorum
1238 2941 1301 3032 qni
1340 2999 1343 3008 .

481 3076 714 3160 mooavnunt
743 3077 850 3154 tuuc,
879 3077 915 3144 at
952 3069 1146 3144 oblationes
1171 3069 1300 3143 multae

443 3235 451 3248 ·
482 3215 571 3288 quae
589 3185 723 3271 oblatae
750 3197 890 3271 iucrunt
915 3203 999 3272 tunc
1026 3197 1064 3270 io
1082 3197 1300 3272 dedicatione

481 3324 678 3398 sanctuarii.
700 3323 742 3398 iii
767 3325 995 3416 tranquillitas
1023 3329 1057 3398 ct
1081 3343 1149 3416 pax
1176 3325 1213 3396 iu
1239 3324 1299 3396 ilio
1341 3353 1344 3358 ·

468 3443 639 3542 'tenpore
665 3451 845 3536 existebat,
874 3458 921 3526 ct¹
939 3451 1107 3543 sapientia
1132 3451 1170 3524 in
1197 3457 1300 3524 unctu

480 3578 701 3660 audiebatur,
734 3585 769 3652 ot
795 3578 935 3652 divitiae
969 3579 1221 3670 intelligentiae
1260 3579 1297 3652 iu

481 3705 807 3798 mauregatiunibns
822 3705 1142 3798 magnificabantur,
1163 3711 1197 3780 et
1209 3705 1297 3780 iosta

479 3832 668 3906 sanctitatis
686 3831 723 3906 in
749 3832 903 3906 bonitdc
921 3838 956 3908 et
982 3833 1018 3906 in
1045 3833 1172 3908 laetitia
1189 3833 1298 3906 multa
1333 3935 1335 3945 Ι

479 3959 751 4051 complebantur,
774 3966 810 4034 ct
823 3959 993 4051 judicium
1012 3967 1186 4036 rectorum
1212 3965 1298 4034 tunc

478 4086 554 4160 eino
572 4085 901 4172 fraude-videbatur,
922 4093 956 4162 et
978 4087 1112 4178 justitia
1128 4105 1306 4190 praecop-⁴

477 4221 593 4288 toruru
619 4215 731 4287 Fortis
757 4215 794 4287 iu
821 4217 962 4288 varitate
987 4215 1241 4306 perficiebatur,
1261 4219 1297 4288 et

477 4349 569 4416 terra
582 4343 664 4434 quia
679 4342 802 4418 dicae
814 4342 879 4416 init
895 4350 980 4424 tnnc
996 4345 1034 4417 in
1053 4343 1112 4417 iiio
1127 4347 1295 4434 ternpore,

478 4477 514 4544 et
540 4471 622 4561 quia
647 4487 720 4543 nan
745 4471 935 4562 peccabant
960 4469 1170 4546 habitatores
1197 4471 1293 4563 eius,

474 4613 560 4688 prae
578 4597 742 4671 omnibns
759 4599 861 4672 terris
879 4597 1144 4690 glorificabatur,
1159 4605 1195 4674 ct
1212 4599 1296 4673 Sion

477 4725 598 4798 civitas
616 4731 699 4798 tunc
713 4723 956 4802 dominabatur
973 4745 1080 4820 anper
1091 4745 1214 4802 omncs
1231 4735 1298 4802 ter·

476 4869 533 4928 raa
560 4860 595 4928 et
620 4855 793 4946 regiones.
820 4855 891 4929 Hae
917 4861 1000 4930 suot
1026 4871 1136 4948 aquae
1161 4855 1298 4930 lucidae

475 4999 563 5073 quas
582 4979 710 5056 vidisti.
783 4981 784 4986 ‘

533 5107 596 5181 62.
625 5107 796 5200 idioquae
814 5107 983 5200 septimae
1001 5108 1121 5200 nigrae
1137 5108 1295 5200 quasn-
1313 5055 1314 5058 Ν

476 5233 571 5319 disti,
600 5235 687 5309 haec
714 5242 768 5310 ost
793 5235 972 5328 perversio
1000 5237 1216 5328 nodationis
1244 5233 1297 5311 io

476 5363 632 5446 roboam,
654 5363 714 5453 qui
737 5365 899 5456 cogitavit
924 5363 1038 5437 iacere
1056 5364 1145 5437 duos
1167 5364 1294 5437 vituios

477 5505 628 5573 aureos,
656 5495 691 5563 at
716 5507 841 5564 omnes
877 5489 1076 5583 iniquitates
1102 5507 1191 5582 quas
1226 5491 1293 5564 ini·

477 5635 548 5708 quo
565 5619 808 5710 perpetrarunt
830 5635 935 5722 ¹repes
964 5619 1025 5710 qui
1049 5617 1191 5696 inerunt
1213 5623 1294 5710 post

476 5763 570 5831 oum,
599 5753 634 5822 at
661 5747 834 5822 execratio
860 5747 1009 5834 ioaabei,
1037 5754 1074 5823 et
1100 5747 1292 5858 idolotatria

1391 417 1496 493 quam
1514 399 1673 476 exacuit
1694 397 1802 474 irraei
1829 399 1867 472 in
1894 398 1953 472 iiio
1978 403 2149 490 tompore,
2174 411 2202 476 et

1389 528 1579 622 prohibitio
1606 528 1755 620 pieriae,
1776 533 1811 601 at
1828 525 1937 601 tanes
1957 545 2046 620 quac
2076 527 2202 602 inerunt

1389 673 1506 748 osque
1532 655 1621 728 adeo
1648 657 1688 728 ut
1712 632 2052 728 aderent-mulieres
2083 656 2201 728 bueus

1391 788 1552 854 renuam
1586 797 1760 866 suorum,
1793 787 1829 855 et
1864 786 2005 872 tompus
2035 783 2200 872 capuciu-

1390 908 1435 982 tie
1463 927 1604 992 eorum,
1632 907 1730 1001 quod
1754 908 1959 998 supervenit
1983 925 2116 981 norern
2149 909 2199 981 tri·

1390 1035 1507 1110 bubus
1534 1043 1570 1112 et
1596 1035 1787 1120 dimidiae,
1816 1035 1898 1129 quia
1933 1041 2033 1112 erant
2060 1037 2099 1108 io
2131 1053 2200 1126 pac

1391 1164 1476 1236 catis
1504 1163 1633 1240 nutu.
1670 1163 1713 1236 iit
1747 1163 1844 1236 vonit
1878 1162 2119 1236 Sabanasar·
2149 1181 2201 1236 rar

1390 1281 1680 1383 Assyriorum
1705 1293 1862 1383 captivos
1887 1289 2033 1366 aedunt
2060 1307 2135 1363 aas.
2161 1291 2200 1362 bc

1382 1417 1555 1509 pontibus
1573 1423 1689 1492 autem
1707 1419 1814 1493 nimie
1832 1423 1887 1492 aet
1903 1395 2022 1492 dcere
2038 1425 2198 1508 qumtun

1389 1547 1498 1636 impie
1512 1553 1548 1620 et
1563 1547 1723 1639 inproba
1740 1553 1884 1638 apuam
1901 1563 2055 1638 eampo,
2073 1551 2109 1618 ct
2124 1563 2199 1620 oon

1388 1691 1496 1763 quam
1519 1672 1733 1762 imbibentes
1760 1678 1853 1747 sunt.
1891 1673 1963 1746 itae
1988 1679 2078 1746 suot
2102 1689 2199 1764 aneu

1388 1799 1559 1889 septimae
1585 1801 1704 1892 nigrae
1731 1817 1820 1892 quae
1845 1799 1977 1876 ridioti.

1443 1925 1507 2000 ⁶3.
1536 1927 1580 2000 dt
1594 1945 1707 2018 aqnw
1725 1933 1865 2001 ceurae
1892 1923 2028 2000 incidas
2047 1943 2138 2016 quas
2160 1925 2199 1998 ri

1389 2055 1482 2138 disti,
1512 2055 1599 2128 baec
1617 2061 1671 2128 ost
1694 2053 1850 2146 probitas
1869 2059 1906 2128 at
1932 2051 2107 2126 rectitudo
2124 2051 2198 2124 idac·

1370 2181 1488 2256 chiae
1505 2183 1599 2273 regis
1624 2182 1745 2266 iudae,
1765 2189 1801 2256 ei
1825 2181 1965 2256 bonitas
1990 2177 2094 2270 aius·
2122 2197 2198 2270 quae

1357 2343 1362 2354 ·
1389 2309 1591 2400 supervenit
1618 2309 1662 2382 ei.
1691 2305 1779 2382 Corn
1805 2309 1900 2382 enirn
1928 2313 2129 2382 commutor
2153 2311 2198 2377 cst

1389 2437 1624 2516 Sennacherib
1643 2444 1681 2512 ιιι
1698 2439 1838 2528 periret,
1853 2442 1890 2510 ot
1907 2435 1959 2508 ira
1977 2434 2054 2525 ejus
2076 2439 2199 2507 maior·

1386 2563 1492 2637 babet
1508 2581 1588 2637 eum
1607 2563 1785 2655 quumotb
1803 2564 1948 2656 periret3
1974 2563 2082 2636 etiam
2100 2561 2199 2633 muid-

1386 2691 1471 2764 tudo
1490 2693 1583 2764 eninr
1602 2691 1811 2782 populorum
1829 2707 1921 2781 x(roae
1938 2691 2014 2762 orat
2029 2705 2115 2760 cnm
2132 2689 2197 2758 eo‘.

1387 2819 1475 2892 Cum
1494 2823 1607 2890 auteur
1626 2815 1784 2890 audisset
1800 2815 1965 2892 Ezwitias
1984 2833 2045 2888 rex
2059 2833 2104 2889 ea
2122 2831 2198 2905 quac

1389 2943 1559 3036 cogiubat
1576 2943 1742 3036 Assyrius
1768 2959 1844 3028 rex,
1864 2948 1904 3017 ut
1929 2942 2065 3016 venirat
2093 2949 2129 3016 et
2150 2959 2196 3014 cr

1388 3078 1487 3161 paret
1520 3087 1602 3146 eura
1627 3077 1664 3146 et
1697 3071 1861 3163 perderet
1900 3072 2070 3163 popninrn
2107 3070 2196 3161 ejus,

1389 3197 1477 3272 duas
1503 3197 1616 3272 tribua
1642 3205 1678 3272 et
1703 3197 1882 3272 dimidiam
1910 3215 2001 3290 quae
2028 3215 2197 3270 mansa

1387 3331 1483 3412 rant;
1513 3325 1585 3398 imo
1603 3327 1706 3402 etiarn
1725 3325 1810 3401 Sino
1834 3324 1977 3399 aciabu
2001 3323 2196 3404 destruent

1385 3459 1469 3528 tunc
1482 3452 1872 3528 cundensestdzecbias
1885 3453 1923 3528 in
1934 3452 2108 3544 opcribus
2120 3453 2195 3534 suis.

1384 3585 1420 3654 ei
1445 3580 1596 3672 sperarit
1613 3581 1649 3653 in
1673 3579 1805 3671 justitia
1830 3597 1906 3663 sua,
1924 3584 1960 3652 et
1985 3579 2128 3652 ioeutru
2153 3562 2197 3650 ast

1383 3725 1464 3782 cena
1492 3707 1584 3780 Furti
1611 3714 1646 3781 ct
1661 3707 1771 3780 dixit:
1799 3705 1899 3791 Vide,
1928 3705 2011 3798 qnia
2034 3724 2121 3780 ecoe
2145 3723 2196 3796 pa·

1383 3831 1478 3912 rains
1496 3842 1550 3911 est
1575 3834 1868 3926 Sennacheripb‘
1894 3833 2044 3926 podera
2070 3851 2150 3916 nos,
2167 3835 2196 3904 at

1381 3964 1450 4038 erit
1466 3963 1675 4054 superbiens
1692 3981 1804 4055 seque
1821 3961 2004 4045 orminos,
2022 3979 2106 4036 cum
2126 3977 2197 4054 par·

1383 4089 1510 4162 diderit
1534 4089 1632 4162 Sion.
1653 4089 1695 4160 iit
1711 4087 1889 4162 exaudivit
1906 4105 1988 4163 aum
2006 4085 2134 4189 Fortis
2149 4107 2196 4162 sa·

1382 4219 1485 4310 piens
1511 4213 1605 4292 eninr
1632 4217 1963 4302 secundiniano
1989 4219 2197 4310 respexitin

1382 4345 1663 4438 deprecationem
1690 4343 1779 4435 ejus,
1796 4338 1890 4438 'quia
1912 4344 2031 4436 justus
2052 4355 2138 4420 erat.
2160 4345 2197 4416 bt

1383 4473 1561 4566 praecepit
1585 4480 1668 4548 tunc
1686 4473 1798 4548 Fortis
1826 4473 1958 4547 Ramiai
1980 4474 2106 4566 angeio
2125 4491 2195 4552 suo.

1380 4601 1445 4692 qni
1475 4600 1629 4692 loquitur
1654 4607 1793 4686 tecum;
1822 4605 1857 4674 at
1882 4600 1974 4674 exiri
2001 4606 2037 4674 at
2065 4597 2197 4692 perdidi

1384 4723 1642 4798 multitudinem
1660 4741 1794 4808 aeruna
1815 4727 1966 4820 querum
1986 4729 2061 4800 erat
2086 4724 2195 4796 solun

1383 4852 1756 4942 numerusprinoipunr
1765 4850 2090 4944 contumaciouinta
2103 4849 2197 4942 quin

1385 4994 1454 5068 que
1480 4977 1597 5062 ordia,
1617 4983 1652 5052 et
1677 4978 1923 5070 unusquisque
1941 4995 2065 5052 corum
2092 4975 2194 5049 babo

1382 5105 1442 5182 bat
1458 5107 1588 5198 pariter
1604 5107 1641 5184 in
1660 5123 1818 5180 nomon.
1838 5106 1881 5180 Et
1898 5106 1936 5179 in
1964 5099 2025 5182 iiio
2042 5111 2195 5194 tempora

1381 5233 1630 5308 comburebarn
1648 5251 1795 5326 corpora
1812 5251 1935 5306 eorum
1962 5233 2122 5316 interius,
2140 5248 2194 5304 ra·

1382 5359 1543 5434 admenta
1570 5367 1686 5438 autam
1713 5365 1749 5434 at
1775 5377 1870 5432 unna
1897 5361 2051 5435 exertus
2082 5375 2194 5436 sarra

1381 5488 1488 5574 baro,
1516 5494 1561 5570 ui,
1580 5489 1690 5582 magia
1716 5486 1889 5566 mirabilia
1914 5485 2028 5561 Fortis
2055 5503 2193 5579 appara·

1380 5623 1478 5702 rent,
1507 5621 1542 5690 et
1568 5613 1745 5708 quomodo
1772 5614 1947 5690 dicoretm
1973 5629 2104 5688 nomeu
2122 5611 2191 5702 ojus

1380 5744 1417 5818 io
1435 5743 1597 5820 univorsa
1609 5750 1713 5818 torro.
1733 5743 1868 5823 sdratr
1885 5741 1951 5818 init
1963 5747 2081 5818 autam
2098 5741 2190 5820 Sino,
