4690 6406
937 155 1113 222 ...27-

175 340 272 402 κὶα.
332 333 447 418 quinto
471 339 505 400 et
528 332 671 400 centesi-

171 448 270 512 Xxlll
329 460 383 510 mo
408 449 442 510 et
464 447 671 528 septuagena

1058 337 1154 402 illu.
1215 333 1382 418 ipsius..
1410 353 1528 402 ...r

1215 453 1248 512 et
1272 447 1443 532 angustiae
1467 453 1501 516 at
1524 463 1592 514 non

227 3017 254 3080 o.

330 556 414 624 simo
438 573 524 622 anno
548 554 683 640 oonple·

330 669 376 736 uit
401 667 472 736 dies
496 667 584 736 uitae
607 684 687 736 suae

333 781 445 850 senior
468 787 502 848 at
525 781 644 866 plenus
753 795 758 806 ·

335 893 464 960 dierum
488 899 626 977 propter
649 893 738 978 quod

332 1005 403 1070 dies
420 1003 633 1089 antiquorum

334 1123 427 1183 erant
450 1115 539 1184 ullae
563 1115 668 1200 ipsius

309 1231 348 1294 Et
374 1227 594 1294 nonodecimo
617 1227 668 1294 iu-

332 1338 426 1406 baleo
450 1344 528 1423 post
552 1337 670 1406 dilubi-

333 1469 387 1518 um
408 1457 591 1535 coeperunt
613 1450 662 1518 tli-

330 1581 365 1630 es
389 1562 493 1630 minui
518 1563 663 1632 iubeleo-
770 1557 815 1586 ⁸·

328 1689 401 1741 mm
425 1673 545 1742 horum
569 1681 602 1743 et
626 1692 679 1744 se-

331 1803 467 1854 nescere
491 1786 631 1854 celerius

330 1907 362 1964 et
386 1897 489 1966 minui
513 1897 585 1966 dies
608 1899 697 1966 uitae

334 2010 482 2094 ipsorum
506 2027 523 2076 a
548 2009 628 2077 iaoie
652 2009 709 2076 tri-

333 2121 511 2190 bulationis
534 2121 657 2188 multo-

334 2249 409 2298 rum
432 2239 466 2300 et
489 2232 660 2318 malignari

333 2345 364 2410 in
389 2343 452 2412 uiis
477 2345 547 2414 suis
571 2353 710 2431 excepto
734 2347 845 2414 abram
886 2327 890 2338 ’

331 2455 405 2540 quia
430 2454 586 2533 abraham
610 2463 680 2524 orat
704 2475 776 2541 per-

329 2567 434 2634 lectus
458 2565 491 2632 in
518 2567 672 2636 omnihus

328 2677 484 2763 operibus
508 2677 579 2746 suis
603 2697 679 2746 rum
704 2679 768 2747 deo

306 2793 346 2858 Et
369 2790 590 2876 beneplacens

327 2903 360 2969 in
385 2903 525 2971 ueritate
550 2903 724 2972 ornamus·

325 3013 441 3082 diebus
465 3015 553 3084 uitae
577 3033 656 3085 suae
680 3023 713 3084 et

328 3142 404 3194 eece
428 3143 495 3194 non
520 3128 653 3213 conple-

327 3237 375 3306 uit
398 3245 555 3323 quattuor
577 3223 669 3308 iub'e·

326 3349 396 3418 leos
421 3349 454 3416 in
478 3349 546 3416 uita
569 3367 630 3418 sua
654 3367 735 3435 quo-

326 3479 431 3547 usque
454 3461 564 3530 senuit
587 3479 606 3530 a
629 3462 675 3530 la-

327 3573 376 3641 cie
399 3571 628 3658 malignorum·

305 3687 344 3752 Et
368 3684 506 3754 satiatus
530 3693 581 3752 est
606 3683 676 3752 die-

325 3795 387 3864 bus
412 3796 491 3865 suis·
517 3798 558 3864 m
582 3813 683 3882 pone-

328 3908 472 3977 rationes
496 3927 581 3994 quae
605 3927 680 3977 sur·
772 3931 777 3942 ⁴

327 4027 484 4089 rexerunt
507 4037 548 4088 ex
571 4021 636 4090 hoe
659 4029 692 4090 el

326 4151 431 4220 usque
457 4135 490 4200 in
514 4133 602 4202 diem
625 4133 736 4203 iudicii

327 4247 435 4332 magni
461 4247 519 4314 sed
543 4263 658 4316 senes·

326 4367 401 4428 rent
425 4359 491 4429 oito
515 4361 706 4447 priusquam

325 4473 501 4558 conpleant
524 4473 608 4540 duos
633 4472 683 4539 iu-

327 4583 441 4653 beleos
465 4591 498 4652 et
521 4592 620 4652 erunt

327 4701 536 4764 transeuntes
559 4697 601 4764 ab

326 4807 406 4891 ipsis
430 4807 565 4890 spiritus
588 4807 739 4876 intellec-

325 4925 379 4986 tus
403 4917 609 5004 ipsorum-et
633 4919 666 4986 in

271 5043 279 5058 ·
328 5027 446 5096 diebus
470 5028 535 5097 illis
559 5029 587 5098 si
612 5031 703 5098 uire-

327 5141 370 5222 rit
392 5140 494 5208 homo
518 5139 667 5210 iubeleos

329 5259 362 5320 el
385 5253 558 5322 dimidium
581 5273 682 5322 anno

330 5383 403 5432 rum
427 5365 538 5434 dioent
560 5367 602 5436 de
626 5367 699 5452 ipso

329 5477 509 5546 abundauit
532 5479 598 5548 uita
622 5497 680 5548 sua

329 5595 361 5657 et
383 5589 562 5676 plurimum
585 5589 712 5660 dierum

1215 565 1265 625 est
1289 575 1353 642 pax
1377 557 1626 644 propterquod

1216 667 1337 736 uulnus
1361 685 1464 755 super
1486 669 1609 738 uulnus

1214 787 1246 848 et
1268 780 1365 848 dolor
1388 797 1490 867 super
1514 779 1606 848 dolo-

1216 910 1287 960 rem
1312 899 1344 959 et
1369 892 1536 960 tribulatio

1214 1022 1315 1088 snper
1339 1004 1587 1072 tribulationem

1214 1123 1246 1181 et
1263 1115 1395 1182 auditus
1419 1114 1526 1182 malm
1550 1132 1607 1182 su-

1212 1247 1272 1312 per
1296 1227 1444 1296 auditum
1468 1227 1592 1296 malurn

1208 1347 1240 1406 et
1265 1338 1437 1406 infirmitas
1462 1355 1565 1424 super

1213 1451 1438 1518 infirmitatem
1465 1457 1498 1518 et
1521 1449 1597 1517 uni-

1211 1581 1307 1630 uersa
1331 1562 1450 1630 iudicia
1468 1563 1582 1630 eius...

1211 1674 1352 1760 maligna
1372 1675 1556 1743 secuudum

1212 1787 1275 1854 troo
1299 1785 1397 1870 ipsud
1421 1803 1497 1854 oum
1520 1803 1596 1854 cor-

1215 1898 1370 1982 ruptione
1394 1905 1427 1966 et
1451 1899 1561 1996 ellados

1214 2016 1247 2076 et
1270 2009 1365 2078 niues
1389 2018 1423 2079 ot
1446 2011 1583 2096 pruinae

1214 2131 1247 2190 el
1271 2121 1392 2207 glacies
1411 2130 1446 2192 et
1468 2123 1569 2198 leons

1132 2263 1139 2282 ι
1214 2240 1247 2300 et
1271 2232 1394 2318 frigora
1418 2240 1452 2302 et
1475 2251 1599 2320 prouo-

1213 2347 1298 2414 catio
1324 2353 1357 2414 et
1381 2345 1475 2416 lamis
1499 2355 1533 2416 ot
1557 2365 1648 2416 mors

1214 2461 1247 2522 et
1272 2453 1402 2539 gladius
1427 2462 1460 2522 et
1484 2455 1587 2540 capti-

1174 2621 1180 2634 .
1212 2565 1298 2634 uitas
1321 2571 1355 2634 et
1378 2565 1553 2634 uniuersae

1213 2675 1306 2761 plaga
1331 2676 1482 2762 planetus
1507 2683 1540 2744 et

1214 2787 1323 2855 omnia
1346 2787 1428 2856 haee
1451 2805 1566 2873 super·
1636 2781 1641 2791 '

1211 2901 1303 2968 uenit
1325 2901 1561 2986 supemement

1128 3069 1134 3080 .
1210 3030 1312 3100 super
1335 3013 1582 3100 generationem
1626 3095 1629 3104 Ι

1209 3133 1368 3212 quaeest
1392 3123 1503 3210 iniqua
1527 3141 1611 3211 quae

1209 3239 1415 3324 iniquitatem
1439 3237 1516 3306 lacit

1208 3351 1242 3416 in
1267 3356 1354 3416 terra
1378 3355 1412 3416 et
1434 3348 1567 3416 inmun-

1209 3459 1288 3530 ditia
1312 3467 1346 3528 et
1369 3459 1559 3528 fornicatio-

1208 3591 1268 3642 nes
1291 3580 1325 3642 et
1347 3572 1548 3659 pollutiones

1207 3685 1470 3755 abominationes
1494 3701 1575 3770 ope-

1210 3815 1284 3864 rum
1308 3797 1467 3882 ipsorum·

1187 3913 1279 3979 Tune
1302 3909 1413 3979 dicent
1436 3909 1561 3996 antiqui

1209 4021 1281 4090 alies
1304 4021 1400 4090 multi
1423 4039 1529 4106 usqua
1553 4023 1594 4088 ad

1206 4135 1297 4202 mille
1320 4151 1426 4202 annos
1448 4143 1482 4202 et
1505 4135 1576 4202 dies

1205 4246 1285 4316 boni
1309 4249 1389 4314 Nam
1414 4263 1490 4314 sore
1515 4245 1586 4315 dies

1206 4353 1294 4422 uitae
1318 4361 1453 4422 nostrae
1476 4353 1504 4422 si
1621 4357 1624 4382 ¹

1204 4466 1346 4534 multum
1369 4465 1489 4536 uixerit
1511 4466 1573 4536 ho-

1205 4593 1261 4644 mo
1285 4577 1380 4646 annis
1404 4580 1597 4663 septuagin-

1206 4696 1238 4756 ta
1262 4693 1296 4756 ot
1319 4687 1348 4756 si
1373 4687 1470 4756 ualde
1494 4696 1589 4756 octo-

1208 4800 1307 4886 ginta·
1333 4803 1374 4867 Et
1397 4800 1452 4868 isti
1475 4801 1588 4886 malig-

1207 4910 1297 4980 niet
1321 4927 1388 4980 non
1412 4919 1464 4982 est
1487 4913 1595 4982 omnis

1206 5043 1270 5112 pax
1294 5025 1327 5092 in
1352 5025 1469 5096 diebus
1493 5043 1630 5114 genera-

1207 5138 1307 5206 tionis
1331 5139 1420 5210 illius
1444 5141 1551 5226 pessi-

1208 5253 1254 5318 mi
1278 5261 1312 5320 et
1335 5253 1368 5320 in
1393 5255 1464 5340 ipsa
1488 5271 1590 5339 gene-

1208 5363 1336 5432 ratione
1360 5365 1422 5432 erit
1446 5371 1483 5436 ut
1507 5383 1586 5450 pue·

1210 5475 1238 5542 ri
1257 5481 1399 5562 arguant
1419 5483 1530 5562 patres

1207 5603 1287 5657 suos
1311 5594 1345 5657 et
1367 5588 1516 5658 seniores
