4594 6452
886 177 1071 250 ..pp-

110 328 255 420 accipiat
280 333 446 410 mortuos,
468 330 504 400 ιι
520 323 673 400 reddant
695 327 931 419 promptuaria

109 456 304 530 animarum
331 471 392 530 ιιι
418 472 509 546 quoe
526 455 564 528 iu
581 455 634 528 eis
652 455 807 531 inclusae
833 457 927 528 ιιι

109 581 205 658 llultl
223 584 318 658 euim
334 588 419 656 suut
436 583 518 656 auui
535 581 727 656 cimiteriis
746 583 808 674 qui
826 580 929 656 desc·

109 711 169 782 lati
190 709 331 784 luerunt
348 727 369 782 a
387 708 512 786 diebus
529 707 704 784 Abrabam
723 714 757 783 ιι
783 711 878 784 isaac
895 711 930 782 et

107 835 215 910 iacob
233 843 268 910 ιι
285 831 408 910 eorrim
426 837 583 910 omnium
603 838 665 928 qui
691 837 824 910 similes
848 841 931 909 suut

108 963 172 1048 eis,
194 964 254 1055 quii
280 965 318 1038 iu
341 969 432 1037 terra
459 963 648 1046 dormiunt,
677 969 821 1056 propter
840 979 929 1054 quos

108 1090 226 1166 dixisti
245 1108 383 1166 measse
409 1091 590 1166 muudum.
610 1092 653 1164 Et
669 1107 765 1164 nuuc
783 1090 930 1164 ostendo

108 1218 177 1292 cito
195 1219 340 1309 gloriam
367 1226 472 1304 mam,
492 1237 609 1312 neque
628 1219 769 1294 ditiores
788 1219 885 1310 quod
910 1237 931 1290 ι

107 1351 142 1420 ιι
160 1345 375 1437 promissum
394 1345 468 1423 luit.
484 1345 526 1418 lit
543 1345 620 1432 luit;
639 1346 810 1436 complevi
824 1344 931 1419 rerba

106 1472 275 1548 orationis
301 1471 419 1562 hujus,
447 1473 644 1547 debilitatus
671 1491 751 1547 sum
779 1473 909 1547 velde'.

162 1597 225 1670 ιι.
252 1599 297 1672 lit
321 1597 385 1672 luit
415 1608 498 1690 post
517 1599 614 1684 haec,
645 1603 680 1674 et
708 1619 789 1674 ecce
817 1601 930 1692 aperti

107 1731 192 1800 suut
209 1727 305 1810 coeli,
326 1732 362 1800 et
378 1726 461 1810 ridi,
481 1731 517 1801 et
533 1728 644 1802 riuus
663 1729 741 1804 ιιιιι
760 1735 813 1802 est
832 1725 928 1814 mihi

108 1860 144 1928 et
160 1872 230 1930 ror
243 1855 288 1928 de
302 1856 452 1932 excelsis
467 1854 582 1928 audite
595 1862 661 1938 est,
676 1863 711 1930 et
726 1855 815 1928 dixit
832 1855 930 1928 mitri:

104 1980 254 2066 ileruub,
274 1981 419 2066 Brruub,
440 1999 504 2056 cur
522 1983 772 2056 commoveris?
790 1983 857 2068 Qui
876 1997 931 2053 va·

107 2109 160 2184 dit
183 2109 222 2182 iu
240 2109 295 2182 ria
322 2127 387 2182 uec
406 2109 558 2201 complet
575 2127 664 2194 eam,
688 2117 747 2184 aut
773 2109 833 2201 qui
860 2107 932 2182 abii

107 2243 144 2314 iu
162 2241 260 2324 mari,
280 2243 350 2314 ulei
368 2243 546 2333 perveniat
572 2244 608 2316 iu
626 2247 777 2332 portum,
798 2247 929 2332 potest·

108 2385 155 2440 ne
174 2369 374 2442 cancelarii
400 2368 469 2442 Αιι
486 2370 546 2462 qui
564 2371 734 2462 promittit
760 2369 862 2442 alicui
890 2385 929 2442 se

106 2495 268 2569 crurum
296 2497 329 2570 ιι
357 2493 499 2580 cunum,
530 2499 598 2572 ιιι
625 2471 927 2580 trucidaremur,

107 2639 225 2696 nonno
260 2621 429 2726 imudutio
466 2627 549 2698 esti
579 2623 648 2698 dut
684 2625 745 2716 qul
779 2626 930 2698 sentinat

108 2755 246 2834 terram,
273 2749 342 2822 uisi
361 2749 398 2822 iu
424 2755 582 2840 tempore
608 2767 675 2824 ιιι
703 2757 809 2824 metat
834 2749 927 2824 iruc·

108 2885 165 2950 tus
192 2876 289 2967 ejus,
320 2895 438 2951 noune
466 2879 582 2950 omniu
608 2877 750 2970 perditi
773 2877 842 2950 dut
867 2878 928 2968 qui

110 3005 240 3097 plantat
256 3005 515 3095 plantationem,
544 3003 613 3078 uisi
641 2992 789 3076 creverit
816 3019 929 3094 usque

108 3130 154 3205 ad
178 3137 317 3222 tempus
335 3131 560 3212 couveniens,
589 3127 764 3220 numquid
782 3147 927 3220 exspoc-

109 3265 157 3332 tat
183 3259 245 3350 qui
271 3257 549 3348 complantavit,
578 3262 617 3328 ut
644 3257 790 3348 occipiat
816 3256 860 3330 ab
887 3273 929 3330 ee

108 3387 270 3462 iructusl
296 3385 365 3458 Aut
390 3386 516 3460 mulier
534 3403 623 3477 quae
651 3387 867 3476 conceperit,
897 3387 929 3460 sl

108 3514 217 3606 pariat
241 3514 435 3596 immature,
464 3529 584 3586 uouue
611 3512 774 3586 occidens
801 3511 930 3586 occidit

108 3641 272 3714 inlautum
303 3642 439 3713 suomi
464 3639 534 3712 Αιι
571 3639 632 3731 qui
668 3639 827 3714 aedificet
864 3639 927 3716 do·

110 3785 229 3853 ruum,
261 3767 330 3840 uisi
362 3773 451 3842 tecto
484 3763 661 3858 cooperiet
691 3771 726 3840 ιι
757 3768 929 3858 compleri

108 3913 197 3978 eum,
216 3895 389 3987 numquid
415 3899 533 3986 potest
553 3895 669 3969 vocari
688 3893 840 3968 dumosi
867 3893 929 3968 llio

109 4023 194 4098 mibi
220 4025 371 4114 primum
399 4019 476 4096 ista.

162 4151 227 4224 23.
254 4152 297 4224 Et
314 4149 478 4242 respondi
497 4155 532 4222 et
548 4147 641 4222 dixi:
665 4148 754 4232 Nou,
770 4129 929 4222 domina·

109 4283 163 4350 tor
189 4277 349 4350 llomiue.
376 4275 419 4350 lit
444 4275 628 4368 respoudit
653 4281 689 4350 et
707 4275 794 4350 dixit
820 4275 927 4350 milri:

110 4405 181 4478 Gur
206 4404 312 4496 igitur
328 4403 559 4478 commoreris
586 4403 631 4476 de
658 4421 701 4478 eo
729 4402 825 4495 qood
855 4421 929 4480 nou

110 4533 213 4615 nosti,
230 4537 265 4606 et
282 4549 344 4606 our
358 4531 508 4606 turbaris
523 4531 568 4606 de
582 4533 636 4616 iis,
652 4531 689 4604 iu
709 4531 837 4623 quibus
856 4549 928 4606 ιιι

109 4677 149 4734 es
168 4659 348 4734 eruditus?
375 4659 558 4746 Quomodo
577 4660 670 4734 euim
689 4677 761 4733 nou
781 4677 820 4734 es
839 4657 927 4734 obli·

109 4795 167 4862 ms
194 4787 355 4862 homiues
382 4789 444 4880 qui
471 4805 566 4860 uuuc
592 4791 686 4870 eunt,
716 4793 751 4860 et
777 4805 839 4862 cos
866 4787 928 4880 qul

110 4917 331 5000 transierunt,
351 4915 404 4990 sic
431 4915 595 4990 recordor
613 4933 678 5007 epo
696 4931 758 4990 eos
777 4933 928 5008 quorum

111 5043 277 5117 memoria
304 5041 392 5116 buta
418 5049 474 5117 est
507 5047 542 5118 et
577 5059 639 5117 eos
676 5045 738 5136 uui
773 5045 926 5118 reuieut.

110 5170 198 5257 Quio
233 5169 373 5263 quaudo
400 5173 556 5264 peccarit
580 5171 690 5246 Adam
724 5177 759 5246 ιι
790 5171 928 5246 demeto

110 5299 175 5372 luit
205 5315 301 5372 mors
337 5306 456 5374 eontra
492 5315 554 5374 eos
586 5300 647 5392 qui
677 5299 926 5390 pignorentur,

110 5433 194 5499 tuuc
220 5431 399 5500 nummata
427 5433 481 5501 est
508 5423 690 5500 multitudo
718 5443 839 5500 eorum
867 5427 928 5518 qul

42 5649 48 5660 ι
110 5555 354 5646 pignerentur,
383 5561 419 5629 ιι
450 5571 597 5630 numero
628 5555 678 5628 illl
703 5559 928 5646 praeparatus

111 5679 177 5754 tuit
192 5681 291 5756 locus
319 5681 379 5758 obi
397 5681 592 5758 lrobitarout
609 5683 776 5766 virentes,
804 5690 841 5758 et
866 5679 928 5757 ubl

1019 307 1282 400 'custodirentur
1307 323 1447 398 mortui.
1475 323 1549 399 ltisi
1567 341 1651 416 erpo
1670 329 1842 418 complos-

1023 458 1080 525 tur
1105 469 1274 525 numerus
1301 451 1501 541 praedictus
1528 467 1600 526 nou
1627 453 1720 528 viret
1746 472 1841 530 crea·

1022 587 1110 663 tura,
1130 581 1275 672 spiritus
1294 581 1388 654 enim
1406 599 1506 656 mons
1525 589 1660 656 creator
1672 583 1762 655 ιιιιι
1776 561 1841 665 ιιι,

1023 713 1058 782 ιι
1084 708 1241 783 ιιιιιιιι
1270 709 1419 800 excipiet
1445 713 1614 782 mortuos.
1649 709 1692 782 Ει
1717 711 1842 786 iterum

1023 828 1167 917 esttibi,
1184 841 1222 908 ιι
1239 835 1359 908 audias
1374 835 1471 927 quod
1488 835 1643 912 luterum
1662 843 1716 910 est
1733 843 1771 910 ιι
1784 855 1840 910 ve·

1021 962 1093 1034 uiai
1115 969 1195 1052 post
1222 968 1377 1054 tempore
1403 964 1481 1036 ista.
1501 963 1591 1036 Vere
1610 965 1704 1037 euim
1731 981 1843 1056 prope

1021 1095 1075 1164 est
1093 1091 1286 1182 redemptio
1305 1109 1384 1165 ιιιι
1410 1097 1449 1166 ιι
1460 1092 1587 1174 reniet,
1606 1109 1723 1184 neque
1741 1093 1843 1184 longe

1023 1225 1079 1300 est
1103 1219 1196 1292 siout
1222 1219 1316 1292 olim.

1076 1345 1138 1418 et.
1168 1345 1258 1420 Ecce
1285 1348 1381 1420 euim
1408 1327 1485 1420 dies
1512 1347 1667 1431 veniunt,
1696 1351 1732 1422 et
1757 1365 1838 1440 apo·

1022 1473 1157 1547 rieulur
1174 1473 1266 1553 libri,
1295 1475 1332 1546 iu
1360 1474 1490 1566 quibus
1509 1474 1636 1566 scripto
1663 1479 1746 1548 suut
1762 1493 1842 1566 pec·

1021 1607 1096 1674 crte
1124 1601 1282 1674 omnium
1301 1601 1362 1692 qui
1389 1607 1630 1691 peccaverunt,
1653 1606 1689 1676 et
1713 1603 1841 1676 iterum

1022 1728 1124 1802 etiam
1153 1729 1317 1810 thesauri,
1346 1729 1384 1800 iu
1407 1728 1537 1819 qulbus
1559 1727 1692 1818 justitie
1719 1747 1841 1804 eorum
1905 1744 1908 1752 ’

1023 1853 1083 1944 qui
1106 1853 1283 1943 justificati
1311 1862 1393 1928 suut
1419 1857 1456 1928 in
1484 1861 1664 1942 creatura,
1698 1859 1844 1932 collecta

1021 1987 1087 2056 est.
1115 1983 1329 2056 licitantem
1357 1983 1393 2054 iu
1420 1983 1479 2056 illu
1507 1988 1675 2076 tompore,
1704 1983 1841 2068 ridebis

1021 2117 1060 2182 tu
1087 2117 1120 2182 et
1148 2109 1246 2184 multi
1264 2109 1326 2202 qui
1353 2115 1467 2184 tecum
1487 2117 1580 2192 suut,
1599 2111 1839 2202 lougtuimita·

1020 2243 1091 2310 tem
1123 2237 1271 2321 Excelsi,
1301 2253 1391 2330 quae
1418 2237 1482 2310 init
1508 2237 1544 2310 iu
1572 2239 1668 2312 omui
1695 2255 1839 2330 ponere·

1021 2365 1116 2438 tione
1136 2371 1170 2438 ct
1188 2367 1431 2456 gocerannum
1461 2365 1522 2457 qui
1540 2365 1749 2478 longanimis
1768 2373 1842 2442 erat

1020 2491 1057 2564 iu
1077 2509 1199 2578 omues
1218 2499 1318 2566 natos
1337 2493 1398 2584 qui
1416 2491 1606 2584 peccabant
1623 2501 1658 2568 et
1671 2493 1838 2585 justifice-

1019 2617 1156 2692 beutur.
1185 2619 1227 2691 tit
1254 2619 1420 2711 respondi
1447 2629 1482 2695 ιι
1508 2621 1605 2698 dixi:
1635 2621 1706 2696 Sed
1733 2641 1839 2708 ecce,

1019 2745 1207 2840 numine„
1234 2765 1338 2820 nemo
1355 2749 1467 2822 ‘norit
1502 2766 1687 2822 numerum
1725 2767 1840 2824 rerum

1021 2891 1110 2966 quoe
1136 2876 1358 2959 transierunt,
1387 2893 1504 2968 neque
1530 2893 1650 2950 earum
1669 2894 1759 2969 quae
1785 2878 1838 2952 iu·

1020 3007 1116 3075 turre
1134 3007 1227 3074 suut.
1256 3001 1345 3076 Eece
1363 3003 1456 3076 euim
1488 3019 1554 3094 epo
1573 3019 1716 3096 quoque
1743 3005 1839 3098 quod

1020 3129 1146 3204 accidit
1172 3129 1257 3202 mitri
1284 3132 1382 3216 scio,
1417 3131 1513 3222 quod
1545 3137 1658 3206 autem
1686 3133 1840 3208 tutorum

1020 3263 1075 3330 ιιι
1109 3263 1148 3330 ιι
1184 3258 1230 3330 ιιι
1256 3257 1407 3350 inimicis
1444 3259 1598 3342 uostris,
1632 3259 1777 3344 nescio„
1806 3269 1844 3336 ιι

1019 3383 1160 3475 quaudo
1187 3384 1344 3458 visitabis
1371 3401 1476 3477 opera
1504 3393 1574 3459 tua.

1073 3511 1136 3584 25.
1165 3511 1208 3582 lit
1233 3511 1415 3603 respoudit
1450 3519 1484 3586 et
1519 3513 1607 3586 dixit
1637 3511 1752 3588 milri:
1789 3517 1840 3589 Tu

1019 3655 1161 3730 qouque
1188 3637 1422 3712 reserruberis
1441 3657 1555 3732 usque
1573 3641 1618 3714 ed
1645 3643 1732 3716 illud
1749 3649 1838 3718 terrr-

1017 3781 1086 3856 pus
1103 3765 1205 3858 siguo
1225 3767 1274 3840 illi
1293 3767 1389 3858 qood
1406 3767 1606 3843 ditissimus
1621 3769 1772 3846 lecturus
1787 3777 1842 3846 est

1017 3889 1269 3968 habitatoribus
1300 3901 1411 3968 terrac
1438 3895 1475 3968 iu
1503 3901 1658 3970 extremo
1686 3897 1835 3972 dierum.

1018 4019 1092 4095 lloc
1110 4039 1193 4113 ergo
1213 4023 1278 4096 erit
1304 4021 1456 4113 siguum.
1477 4023 1623 4110 Quando
1642 4027 1837 4118 apprehen·

1019 4149 1079 4224 det
1096 4156 1218 4242 stupor
1236 4150 1445 4224 habitatores
1472 4157 1596 4238 terrae,
1624 4157 1659 4227 et
1684 4153 1841 4230 incident

1019 4277 1055 4351 lu
1073 4277 1313 4354 tribulationes
1331 4279 1468 4364 multas,
1486 4279 1524 4353 ἰι
1542 4281 1667 4356 iterum
1686 4283 1840 4358 incident

1018 4408 1056 4480 iu
1074 4413 1245 4482 tormenta
1265 4427 1400 4500 magne.
1426 4409 1469 4482 Et
1486 4409 1551 4484 erit
1569 4429 1649 4484 cum
1669 4409 1786 4486 dicent
1804 4411 1840 4484 lu
1881 4501 1888 4510 ¹
1990 4403 1993 4412 ‘

1020 4534 1287 4627 oogltatiouibue
1314 4537 1390 4610 suis
1417 4553 1500 4627 prae
1527 4537 1750 4612 tribulatione
1776 4557 1839 4614 cua

1019 4661 1137 4742 multa:
1163 4663 1241 4736 Non
1259 4663 1460 4737 recordatur
1477 4665 1566 4738 ultra
1584 4663 1696 4739 liortic
1715 4671 1836 4752 terrae

1019 4793 1053 4861 et
1079 4787 1154 4872 erit,
1175 4805 1255 4862 curn
1283 4788 1529 4882 desperabunt,
1557 4799 1641 4868 tuuc
1668 4791 1842 4886 evigilabit

1018 4923 1169 5008 tompus.

1072 5041 1136 5116 26.
1155 5043 1199 5116 lit
1224 5043 1392 5136 respondi
1410 5051 1445 5121 ot
1463 5045 1556 5122 diri:
1585 5047 1673 5123 Num
1700 5055 1839 5143 tempus

1018 5171 1165 5246 multum
1203 5171 1420 5264 permanebit
1455 5174 1629 5250 tribulatio
1656 5177 1715 5254 iliu
1750 5195 1840 5270 quae

1018 5300 1108 5383 orit,
1142 5317 1300 5376 euuosne
1327 5302 1454 5376 multos
1482 5287 1755 5394 comprehendet
1781 5325 1841 5382 ue·

1020 5425 1167 5500 oessltrs
1193 5427 1278 5500 illei

1070 5553 1134 5626 ιι.
1154 5553 1196 5626 Et
1213 5554 1394 5646 respondit
1410 5561 1446 5628 et
1464 5555 1551 5634 dixit
1568 5559 1668 5634 milri:
1693 5561 1732 5636 lc
1751 5561 1839 5637 duc·

1020 5679 1135 5758 decim
1153 5689 1269 5776 partes
1290 5683 1439 5759 (ιιιιιιιι
1459 5691 1514 5762 ιιι
1529 5691 1667 5780 tempus
1686 5689 1783 5774 illud,
1805 5695 1839 5764 et
