4710 6432
1234 226 1417 304 „74-

460 397 628 472 mearum·
643 381 813 473 descripsi
840 383 895 456 tei
921 381 997 456 Non
1023 381 1088 456 ista
1116 383 1276 458 aedifica·

460 511 508 583 tio
527 527 621 584 nuuc
639 509 816 584 aedificata
835 511 872 583 in
900 509 1014 584 medio
1033 515 1199 594 vestrum,
1219 512 1277 584 illa

461 643 516 712 est
542 655 632 728 quae
659 636 866 712 revelabitur
893 637 986 730 apud
1013 658 1079 724 me,
1106 657 1195 732 qnae
1221 637 1280 712 hic

192 767 195 774 '
306 747 311 751 ’
460 771 663 858 praeparata
690 763 753 838 init
779 783 825 840 ex
851 783 922 862 qno
950 766 1096 860 cogitavi
1123 773 1165 842 ut
1188 767 1280 844 iace·

461 911 536 966 rem
572 891 798 984 paradisum,
829 899 867 964 et
898 892 1036 966 ostendi
1063 911 1140 967 eam
1168 891 1279 966 Adam

461 1019 698 1112 priusquam·
725 1026 904 1112 peccaret,
935 1039 1014 1095 cunr
1046 1039 1129 1094 vero
1144 1019 1282 1112 'abjecit

461 1148 680 1232 mandatnm,
710 1147 845 1220 sublata
877 1153 931 1222 est
962 1148 1006 1222 ab
1038 1165 1080 1222 eo
1112 1153 1151 1220 ut
1178 1149 1280 1222 etiam

459 1276 653 1370 paradisus
692 1275 734 1348 lit
759 1281 881 1368 postea
902 1275 1045 1360 ,deterrui
1073 1292 1150 1350 cam
1178 1291 1280 1364 servo

460 1423 540 1478 meo
567 1391 740 1476 Abrabam
753 1411 865 1478 noctu
892 1405 982 1478 inter
1000 1404 1190 1477 divisiones
1208 1403 1280 1477 vic·

461 1531 635 1606 timorum.
663 1531 705 1604 lit
730 1531 858 1608 iterum
885 1531 988 1606 etiam
1015 1531 1124 1624 ltoysi
1144 1531 1282 1609 ostendi

460 1679 537 1734 earn
565 1661 601 1734 in
628 1667 745 1734 monte
778 1660 883 1746 Sinai,
915 1659 1054 1752 quaudo
1084 1659 1221 1734 ostendi
1249 1660 1281 1732 ei

462 1788 649 1878 imaginem
668 1787 879 1878 tabernaculi
899 1793 934 1860 et
952 1788 1070 1860 omnia
1093 1805 1175 1860 vasa
1193 1785 1281 1877 ejus.

460 1917 503 1990 lli
519 1933 615 1989 nunc
635 1935 716 1991 ecce
735 1915 905 1989 custodita
924 1922 979 1990 est
997 1916 1090 2007 apud
1117 1935 1175 1990 me
1192 1916 1283 1990 sicut

463 2051 499 2119 et
525 2043 718 2135 paradisus.
747 2044 796 2116 lto
818 2061 912 2134 ergo.
934 2049 968 2116 et
985 2043 1038 2116 iac
1056 2041 1280 2134 quemadmo

390 2165 394 2176 '
462 2172 546 2246 dum
565 2171 741 2262 praecipio
759 2169 833 2243 tibi.

516 2301 552 2373 5.
580 2300 623 2372 Et
649 2297 816 2390 respondi
843 2303 878 2370 et
904 2295 1001 2369 dixi:
1034 2296 1201 2370 Futurum
1230 2301 1283 2370 est

461 2446 545 2520 ergo
563 2434 602 2502 ut
619 2424 845 2500 succumbam
868 2426 908 2510 in
925 2425 1022 2507 Sion,
1043 2424 1123 2516 quia
1142 2425 1283 2506 venient

460 2554 593 2630 inimici
622 2554 671 2628 tui
699 2553 744 2626 ad
769 2554 874 2626 istum
900 2553 1043 2636 locum..
1066 2557 1101 2628 et
1126 2551 1282 2642 polluent

357 2695 360 2702 '
462 2682 697 2758 sanemarium
723 2687 833 2766 tuum,
855 2687 890 2756 et
907 2680 943 2754 in
963 2679 1192 2772 captivitatem
1219 2676 1280 2752 ab·

462 2810 591 2884 ducent
615 2807 843 2884 hereditatem
869 2815 974 2903 tuam,
996 2814 1031 2884 et
1053 2805 1282 2885 dominabun-

460 2945 657 3012 terreorum
684 2953 774 3028 quos
793 2935 956 3018 dienati.
985 2942 1020 3009 et
1045 2933 1190 3010 abibunt
1216 2936 1279 3012 ite·

462 3085 539 3140 rum
553 3053 780 3158 in'regioncm
799 3063 971 3142 idolorum
985 3081 1144 3146 suorum,
1158 3067 1192 3138 et
1210 3063 1281 3153 glo

460 3187 643 3268 ¹riabrurtur
661 3200 740 3268 anm
758 3211 832 3268 eos.
850 3193 892 3266 bt
910 3192 1077 3286 quidnam
1095 3191 1201 3268 iacies
1219 3207 1281 3267 uo·

461 3323 547 3398 ruini
567 3327 627 3396 tue
645 3323 797 3414 magnei
822 3321 864 3394 nt
887 3319 974 3394 dixit
991 3317 1076 3396 mibi
1093 3317 1278 3394 Dominus:
1299 3333 1304 3358 ¹

461 3453 596 3526 Nomen
631 3467 747 3524 meum
774 3455 810 3522 et
843 3448 953 3540 doda
988 3464 1066 3520 mea
1101 3445 1280 3528 saepedum

462 3573 642 3656 ιιὸῑθιιιιιιιι
663 3581 720 3654 est
743 3575 806 3662 eis;
822 3575 993 3667 judicium
1021 3567 1145 3650 auten
1163 3589 1281 3648 meum

463 3715 620 3798 tempore
646 3724 714 3782 suo
741 3703 914 3780 custodiet
935 3704 995 3796 jus
1022 3721 1138 3778 suum.
1175 3704 1217 3780 Et
1243 3709 1282 3776 tu

463 3834 598 3910 videbis
617 3835 729 3912 oculis
746 3833 828 3916 nris,
848 3849 921 3908 non
939 3815 1061 3908 bost'cs
1079 3831 1282 3906 subvertere

463 3963 573 4048 Sion,
602 3978 720 4053 neque
745 3961 951 4034 comburere
977 3959 1189 4044 ierusalem,
1218 3955 1283 4034 sed

459 4089 570 4182 judici
588 4089 786 4164 ministrare
804 4087 849 4160 ad
867 4095 1016 4178 tempus.
1033 4087 1085 4160 Tu
1098 4105 1181 4162 vero
1194 4087 1282 4164 vade

465 4224 502 4292 et
529 4216 582 4290 iac
608 4215 856 4308 quodcumque
874 4214 946 4290 diri
964 4213 1039 4290 tibi.
1066 4215 1109 4288 lit
1133 4215 1219 4300 abii,
1248 4221 1284 4292 et

403 4419 410 4432 ,
464 4347 616 4428 ιιιιιιιιιεί
642 4344 826 4420 teremiam
853 4351 888 4418 et
914 4342 1005 4428 Ado,
1026 4351 1061 4418 ct
1087 4343 1230 4427 sulani,
1250 4349 1284 4418 et

329 4475 332 4486 '
464 4473 592 4556 tabiae,
612 4480 647 4550 et
674 4471 854 4548 Godoliam
883 4479 918 4546 ei
944 4489 1066 4546 omnes
1092 4470 1282 4546 honoratos

462 4602 594 4694 populi,
615 4609 651 4676 et
667 4600 751 4680 dun
774 4618 837 4676 eos
863 4600 900 4674 in
927 4599 1051 4674 vallem
1079 4597 1228 4682 chrou,
1249 4603 1284 4672 et

463 4729 619 4804 enamavi
638 4730 691 4804 eis
708 4727 881 4822 qudquid
899 4727 1030 4804 dictum
1057 4725 1167 4800 iuerat
1185 4723 1280 4802 mibi.

462 4859 505 4934 lit
530 4860 730 4934 levaverunt
765 4873 887 4932 vocem
913 4873 1013 4930 suam
1041 4860 1078 4930 et
1112 4855 1283 4928 daveruut

307 5067 317 5080 ,
464 5003 598 5062 omues.
618 4987 660 5058 nt
687 4983 911 5060 consedimus
930 4983 980 5058 ibi
999 4989 1033 5058 et
1047 4981 1281 5074 jejunavimus

463 5133 578 5208 usque
605 5114 650 5188 ad
676 5131 869 5206 vesperam.

518 5241 554 5316 6.
583 5241 625 5316 lit
650 5241 778 5318 lactum
797 5247 851 5316 est
877 5240 1027 5316 crastiua
1053 5239 1122 5324 die,
1142 5245 1177 5314 et
1200 5253 1282 5314 ecce

464 5369 637 5446 exercitus
647 5367 896 5444 Chaldaeorum
907 5367 1134 5444 circumdedit
1147 5367 1281 5450 ubam,

464 5503 500 5572 et
525 5503 682 5589 tempore
699 5513 865 5588 vesperae
883 5495 1008 5587 reliqui
1030 5494 1200 5588 populum
1217 5509 1282 5584 ego

463 5621 609 5706 itarucb,
625 5627 660 5700 et
678 5623 769 5699 exivi
786 5627 822 5698 et
838 5623 918 5696 steti
937 5621 1030 5714 apud
1047 5637 1231 5714 quercum
1249 5625 1284 5696 et

464 5751 694 5828 contrutabar
710 5769 818 5844 super
835 5751 932 5834 Sion.
953 5757 990 5828 et
1013 5747 1283 5844 ingemiscebam

1367 357 1475 475 super
1493 385 1730 476 captivitatem,
1752 403 1841 479 quae
1868 394 2122 478 supervenerat
2133 407 2190 481 po

1357 511 1462 608 pulo.
1490 511 1532 582 lit
1559 529 1640 586 ecce
1666 513 1781 587 subito
1809 514 1952 604 spiritus
1980 515 2190 592 tortitudinis

1371 639 1512 712 sustulit
1538 659 1593 715 me
1621 645 1656 714 et
1682 642 1806 716 extulit
1836 659 1893 716 me
1920 623 2026 734 supra
2054 663 2191 720 mamm

1370 766 1563 844 lervmlem
1589 769 1628 844 in
1654 769 1772 845 altum
1792 768 1837 845 et
1851 769 1933 854 vidi,
1953 777 1988 846 et
2005 790 2088 846 ecce
2106 791 2190 864 qua·

1370 901 1450 968 tuor
1467 893 1590 988 angel
1607 903 1740 972 sunus
1757 917 1867 990 super
1879 907 2027 993 quatuor
2044 903 2190 994 angulos
2328 937 2329 968 ι

1370 1020 1479 1104 urbis,
1509 1028 1670 1096 tenentes
1690 1027 1935 1117 unusquisqne
1954 1046 1998 1100 ex
2026 1029 2077 1102 eis
2105 1030 2189 1101 lam·

1369 1147 1458 1240 pade
1484 1149 1576 1240 iguis
1605 1151 1827 1246 inmanibus
1855 1155 1941 1226 suis.
1969 1155 2011 1226 lit
2036 1155 2190 1246 Angelus

1370 1275 1461 1355 dbis
1479 1275 1713 1356 descendebat
1739 1278 1783 1354 de
1804 1280 1917 1365 caelo,
1946 1287 1981 1354 et
2007 1282 2095 1356 dixit
2120 1285 2188 1358 eis:

1371 1401 1499 1477 Tenete
1517 1404 1696 1496 lampades
1724 1411 1869 1492 vestras,
1890 1425 2006 1499 neque
2024 1408 2189 1484 incenda·
2329 1407 2330 1426 ²

1370 1533 1416 1610 tts
1443 1533 1557 1612 wenc
1584 1532 1696 1610 dicam
1714 1531 1828 1611 vobis.
1845 1521 1974 1612 Mssus
1997 1555 2077 1610 sum
2096 1537 2190 1610 cuim

1369 1667 1408 1733 ut
1433 1663 1586 1752 primum
1604 1663 1726 1762 loquar
1753 1670 1865 1738 terrae
1893 1661 2105 1750 verbumst
2131 1664 2189 1740 de-

1369 1805 1498 1878 ponam
1529 1788 1622 1878 apud
1654 1807 1729 1862 eam
1767 1789 1865 1880 quod
1895 1792 2072 1882 praecepit
2102 1791 2188 1866 mibi

1370 1915 1540 1988 Dominus
1559 1917 1760 1990 altissimus.
1781 1917 1823 1992 lit
1840 1919 1909 1992 vidi
1938 1935 2018 1992 enm
2042 1918 2188 1994 descen·
2330 1911 2331 1916 ‘

1371 2039 1467 2114 disse
1493 2043 1530 2114 in
1558 2045 1682 2117 Sancta
1710 2045 1927 2130 Sanctorum,
1956 2053 1992 2122 et
2017 2049 2189 2120 sumsisse

1370 2168 1453 2242 inde
1480 2170 1606 2253 velum,
1637 2177 1671 2244 et
1699 2171 1822 2262 prod
1849 2179 2018 2258 sanctum,
2044 2179 2078 2246 et
2104 2189 2187 2264 pro·

1368 2297 1600 2388 pitiatorium,
1630 2305 1664 2372 et
1692 2297 1779 2372 duas
1806 2299 1965 2384 tabulas,
1995 2307 2029 2374 et
2055 2307 2189 2376 vestem

1369 2430 1524 2500 sancum
1559 2425 1804 2509 sacerdotum,
1832 2432 1868 2500 et
1893 2426 2125 2514 tburibnlvun,
2154 2437 2190 2504 et

1370 2551 1596 2644 quadraginta
1621 2561 1700 2630 octo
1727 2553 1861 2646 lapides
1888 2557 2086 2646 pretiosos,
2114 2551 2190 2650 qui·

1368 2677 1437 2752 bus
1463 2681 1651 2756 ornabatur
1685 2683 1873 2768 sacerdos,
1903 2692 1938 2759 et
1964 2687 2080 2758 omnia
2106 2703 2189 2758 vasa

1370 2813 1489 2882 sanem
1520 2807 1744 2884 tabernaculi.
1782 2803 1824 2884 Et
1850 2811 1940 2886 dixit
1964 2817 2077 2886 tarrae
2101 2831 2188 2888 voce

1370 2949 1514 3026 magna:
1543 2937 1658 3022 Terra,
1678 2943 1778 3021 terra,
1798 2945 1905 3022 terra,
1935 2939 2016 3014 audi
2042 2941 2188 3014 verbum

1369 3063 1432 3138 Dei
1460 3064 1568 3148 tortis,
1588 3071 1622 3140 at
1640 3066 1766 3156 ‚amipe
1784 3084 1873 3156 prae
1892 3083 1958 3157 ego
1977 3067 2188 3140 comumndo

1370 3190 1445 3275 tibi,
1465 3199 1502 3266 et
1518 3191 1654 3266 custodi
1673 3211 1714 3266 ea
1732 3199 1847 3284 usdoe
1864 3193 1909 3266 ed
1926 3201 2082 3268 extrema
2099 3203 2193 3268 tem·

1370 3326 1525 3410 perant
1551 3320 1692 3410 qnando
1706 3319 1805 3411 jussa
1831 3321 1951 3405 tueris,
1974 3339 2015 3396 ea
2042 3321 2187 3406 reddas;

1370 3452 1498 3520 utnon
1516 3447 1692 3536 potiantur
1710 3447 1762 3522 eis
1780 3447 2006 3538 alienigenae.
2028 3450 2115 3536 Quia
2133 3467 2190 3522 ve·

1371 3573 1423 3650 nit
1449 3579 1599 3664 tempus.
1627 3580 1667 3648 nt
1684 3574 1838 3649 tradatur
1855 3576 1899 3648 ad
1918 3582 2056 3668 tempus
2074 3583 2109 3650 et
2129 3577 2188 3650 Je-

1371 3701 1534 3784 rusalem,
1553 3701 1752 3793 usquedum
1771 3701 1916 3786 dicatur,
1936 3705 2118 3778 utiterum
2137 3721 2190 3777 re

1374 3827 1541 3904 stituatnr-
1552 3827 1591 3904 in
1609 3835 1802 3904 aeternum.
1820 3830 1864 3904 nt
1880 3832 2131 3922 aperuicterra
2148 3851 2190 3906 os

1370 3974 1487 4038 suum.
1508 3961 1543 4028 et
1559 3955 1740 4030 absorbuit
1758 3942 1810 4032 ea'.

1425 4085 1460 4158 7.
1489 4083 1531 4158 nt
1556 4089 1638 4176 post
1663 4083 1751 4160 baec
1776 4084 1893 4160 andivi
1929 4085 2101 4177 angelon
2135 4085 2189 4160 di-

1371 4217 1508 4286 centem
1534 4210 1677 4302 Angelis
1704 4214 1766 4304 qui
1792 4211 1956 4288 tenebant
1981 4213 2188 4306 lampades:

1370 4339 1502 4414 Dbuite
1538 4357 1622 4432 ergo
1657 4347 1692 4414 et
1727 4340 1919 4414 subvertite
1956 4359 2076 4416 muros
2095 4339 2188 4442 ejus

1370 4485 1483 4560 usque
1510 4467 1555 4542 ad
1580 4467 1815 4560 fundamenta,
1843 4485 1890 4542 na
1915 4467 2108 4560 glorientur
2125 4469 2190 4542 ini·

1370 4599 1452 4674 miei
1479 4604 1516 4672 et
1532 4597 1760 4672 dicant:·llos
1786 4597 2024 4672 subvertimus
2050 4615 2191 4672 murum

1371 4721 1467 4809 Sioir,
1488 4731 1523 4800 et
1540 4723 1760 4800 incendimus
1786 4725 1903 4799 locum
1927 4725 1992 4833 liei
2007 4725 2127 4810 lortis;
2156 4731 2192 4798 et

1371 4856 1594 4946 occupastis·
1621 4857 1741 4966 locum
1762 4855 1799 4928 in
1827 4871 1900 4946 quo
1917 4854 2052 4928 stabam
2076 4859 2188 4928 autea.

1425 4983 1462 5056 8.
1490 4982 1613 5074 Angeli
1631 4991 1744 5058 autern
1764 4983 1922 5057 lecerunt
1939 4983 2031 5056 sicut
2048 4999 2190 5074 praece·

1371 5113 1422 5206 pit
1439 5113 1505 5197 eis,
1520 5119 1556 5186 et
1574 5131 1652 5188 cum
1672 5113 1906 5205 dissipassent
1922 5111 2069 5203 angulos
2088 5110 2190 5194 muri,

1371 5257 1440 5314 vor
1467 5239 1583 5316 audita
1601 5247 1657 5315 est
1680 5241 1724 5315 ab
1752 5241 1918 5314 interiore
1936 5243 2033 5331 parta
2059 5237 2189 5328 templi.

1372 5373 1558 5458 postquam
1577 5367 1709 5442 decidit
1723 5385 1858 5451 murus,
1879 5365 2021 5440 dicens:
2040 5365 2193 5457 ingredi·

1373 5495 1461 5570 mini
1477 5495 1598 5570 hostes
1617 5501 1653 5568 et
1669 5496 1784 5568 venite
1803 5493 2006 5579 adversarli;
2036 5491 2193 5566 deseruit

1373 5623 1468 5700 enim
1486 5623 1548 5714 qui
1566 5621 1956 5702 custodiebetdonauue
1980 5620 2021 5696 lit
2038 5619 2108 5694 abii
2127 5635 2192 5710 ego

1373 5751 1519 5826 Barucb.
1538 5751 1581 5826 nt
1606 5753 1733 5828 iactum
1753 5757 1807 5828 est
1832 5757 1913 5844 post
1938 5749 2036 5834 baec,
2056 5749 2191 5848 mgrca·
