4706 6420
1260 299 1446 348 ...vm-

467 443 554 516 ··nio:
578 437 668 511 zero
746 438 873 526 (charta
889 437 1002 526 66666)
1021 445 1076 503 666
1097 437 1198 529 aptaro
1213 437 1307 530 λόγου

483 562 514 621 ὲν
536 565 577 643 all
602 560 694 644 ἀρχῇ·
709 552 851 618 λείπεται
867 548 926 642 γὰρ
950 551 1007 616 ἀπ’
1024 557 1121 640 ἀρχῆς
1143 549 1232 642 μέχρι
1247 561 1323 642 τῶν,

482 659 551 734 116.
567 677 690 756 capnon
706 655 788 743 τόδε,
800 681 927 750 nempe
937 664 1136 734 semilunula
1159 665 1306 749 miniata,

484 797 568 868 6666
584 777 751 866 reperitur
767 784 801 846 et
824 777 919 846 initio
937 776 1014 846 libri
1038 776 1127 847 tertii
1150 777 1308 846 16116.0

395 875 397 882 ⁴
482 891 553 962 Fol.
579 893 623 960 67
648 889 756 959 611-11
779 890 826 958 r.⁰
848 907 964 959 666666
988 889 1090 958 duem
1121 896 1307 976 sequuntur

483 1013 551 1075 tres
575 1003 736 1092 epistolae
761 1001 980 1087 Constantini,
997 1019 1082 1088 quae
1097 1008 1135 1070 ut
1150 1001 1225 1072 libri
1241 1008 1306 1072 ter·

483 1117 521 1188 tii
544 1117 664 1188 Gelasii
689 1121 842 1203 prostant
869 1115 903 1184 in
928 1115 1000 1201 eius
1024 1115 1248 1199 editionibus,
1272 1115 1306 1182 in

482 1231 597 1312 transi,
616 1229 698 1300 coll.
718 1231 818 1298 Conc.
835 1231 874 1312 11,
891 1230 1059 1312 919-916,
1076 1247 1216 1316 quarum
1231 1227 1306 1316 661-

483 1343 560 1413 dem
575 1343 668 1429 prior
684 1349 812 1443 tantum
830 1348 869 1410 nt
892 1342 966 1412 libri
984 1342 1072 1412 tertii
1093 1341 1257 1412 indicatur
1272 1341 1307 1410 in

483 1455 596 1524 tabula
612 1455 633 1524 1.
650 1457 680 1538 1,
693 1461 823 1522 6616666
839 1471 907 1522 666
923 1463 1159 1524 memorantur.
1177 1456 1308 1524 Desunt

482 1585 561 1637 vero
579 1567 714 1636 omnino
731 1584 772 1635 66
788 1565 941 1654 capitulis
963 1565 1116 1636 indicatis
1136 1568 1180 1636 in·
1195 1567 1307 1637 tabula

469 1679 549 1749 'tria
564 1679 690 1763 ultima,
703 1695 787 1765 6666
804 1679 946 1765 quidem,
962 1680 1079 1748 saltem
1095 1681 1162 1750 duo
1178 1687 1308 1767 postre-

482 1809 547 1876 ma,
571 1791 656 1860 libro
682 1791 876 1879 dignitatem
900 1792 1140 1862 conciliassent.

520 1906 648 1974 Nomen
661 1905 808 1974 auctoris
820 1905 854 1974 in
869 1905 973 1974 titulis
986 1906 1092 1974 nostri
1102 1905 1225 1976 codicis
1238 1925 1305 1976 non

341 2019 348 2036 '
483 2023 672 2104 comparet;
696 2018 756 2087 sed
772 2018 882 2086 omnia
905 2035 991 2104 6666
1007 2019 1128 2088 (1616611
1153 2027 1305 2105 prostant

482 2130 599 2199 eadem
622 2129 676 2198 hic
699 2130 886 2213 hahentur,
910 2147 972 2198 nec
995 2129 1038 2198 16
1070 2131 1121 2200 his
1145 2131 1304 2218 dubium,

469 2260 558 2328 ⁸cum
574 2241 707 2312 aliunde
720 2248 870 2324 6666161,
895 2242 936 2310 16
954 2249 1090 2312 6661666
1106 2261 1184 2312 6666
1201 2245 1305 2330 666116

481 2354 625 2424 ineditae
641 2355 716 2424 libri
741 2354 830 2425 tertii
847 2372 945 2424 nemo
962 2355 1110 2441 prudens
1130 2355 1304 2441 dubitabit,

481 2474 575 2554 puto,
599 2475 677 2554 post
699 2475 797 2556 notas
821 2467 945 2537 codicis
969 2486 1051 2554 6666
1075 2470 1184 2539 661611.
1201 2473 1304 2558 Equi-

482 2580 667 2650 damonae
690 2557 880 2666 postremae
904 2579 1087 2667 epistolae,
1111 2599 1196 2668 6666
1218 2583 1304 2652 libro

481 2681 582 2764 tertio
606 2693 931 2779 assignantur‚‘nou
954 2701 1173 2763 recensentur
1195 2695 1229 2764 in
1251 2703 1304 2766 ta-

481 2805 560 2878 bula
575 2805 736 2893 ejusdem,
753 2805 814 2874 sed
829 2807 943 2893 666616
960 2805 1002 2876 16
1019 2824 1117 2876 66666
1133 2807 1167 2876 11
1182 2808 1304 2878 lactum

481 2919 594 3004 luerit,
606 2937 672 2988 non
686 2917 818 3004 sufficit,
829 2926 868 2988 61
882 2919 1015 2988 illarum
1026 2925 1182 2995 notarum
1192 2929 1304 2992 aucto·

331 3109 342 3124 ,
482 3031 615 3101 ritatem
637 3031 816 3114 infirment,
843 3033 952 3119 potnit
975 3049 1054 3102 roro
1078 3033 1134 3122 661
1159 3034 1305 3105 tabulam

483 3144 624 3215 66616611
640 3143 713 3214 11166
729 3161 798 3213 666
813 3145 970 3214 16161666
987 3146 1020 3215 16
1037 3163 1099 3215 666
1112 3149 1303 3235 exemplari,

481 3258 1304 3348 proindequeomississo,aliaequeexcogitaripos-

464 3377 557 3440 sent
568 3369 770 3440 difficultatis
786 3371 980 3442 solutiones.
999 3373 1083 3440 Sunt
1095 3375 1254 3444 nonnulla
1270 3375 1304 3444 in

482 3489 576 3552 16616
598 3483 673 3570 1666
690 3483 899 3568 occurrentia
922 3503 1006 3572 6666
1026 3487 1193 3557 Gelasium
1216 3489 1304 3558 indi-

483 3595 737 3675 666661166166,
755 3613 840 3683 6666
863 3589 934 3666 suis
957 3597 1041 3667 locis
1063 3599 1179 3668 monui
1202 3599 1303 3670 lecto·

482 3724 564 3790 rem;
583 3708 769 3795 resumptio
781 3725 861 3778 6666
876 3711 1148 3795 praecedentium
1160 3713 1304 3784 duorum

482 3819 665 3905 librorum,
690 3837 775 3907 6666
805 3820 892 3890 libro
915 3821 1017 3892 tertio
1041 3824 1303 3911 praescribitur,

482 3933 653 4002 evidenter
668 3933 771 4002 relort
786 3933 871 4002 duos
895 3933 999 4004 libros
1015 3935 1148 4022 Gelasii,
1167 3943 1205 4006 61
1220 3955 1303 4006 666-

481 4044 600 4113 1666611
624 4049 725 4130 patet.
751 4048 842 4128 Quae
858 4046 993 4117 demum
1016 4065 1057 4116 66
1081 4049 1158 4134 styli
1181 4067 1303 4120 conre-

481 4155 606 4224 nientia
629 4155 718 4226 inter
748 4159 860 4246 operis
882 4165 995 4246 partes
1019 4161 1138 4231 deduci
1161 4171 1305 4248 possunt

482 4271 688 4354 argumenta,
706 4287 748 4362 66
762 4287 877 4341 aarum
892 4274 1039 4344 editione
1058 4292 1148 4344 nunc
1164 4276 1305 4364 6616666

482 4385 596 4466 661661
618 4397 679 4466 per
702 4399 739 4450 66
762 4389 943 4468 praestare.

447 4557 456 4575 ,
490 4525 493 4534 ·
529 4491 660 4561 Primus
683 4499 837 4563 nostrum
853 4497 1003 4567 codicem
1019 4499 1164 4568 breviter
1178 4499 1305 4570 indica-

483 4602 529 4672 rit
551 4605 991 4690 16611666661111116116666
1010 4611 1301 4697 bibliothecarum,

482 4719 507 4800 l,
531 4733 605 4804 666.
630 4721 719 4804 tue,
744 4722 781 4790 B.
804 4721 963 4790 Historiae
984 4725 1217 4794 Ecclmioaticoe
1240 4732 1302 4796 etc.

482 4830 567 4899 bein
601 4839 754 4902 nostrum
785 4851 871 4922 opus
901 4843 939 4906 ut
969 4839 1141 4926 anonymi,
1156 4838 1302 4908 auctoris

353 4941 361 4954 '
483 4939 636 5012 indicarit
671 4945 853 5017 cardinalis
883 4947 1028 5035 1666166
1061 4950 1150 5026 1161,
1188 4951 1301 5040 Spioil.

483 5055 576 5140 Rom.
592 5059 630 5141 11,
647 5059 714 5126 etr
738 5060 842 5146 partis
865 5063 894 5146 l;
919 5062 976 5150 qui
998 5061 1033 5132 in
1057 5069 1080 5134 t.
1097 5065 1150 5151 tt,
1166 5083 1199 5152 p.
1216 5065 1303 5136 603-

1398 440 1466 508 cto
1490 437 1593 508 edidit
1615 435 1762 507 tabulam
1786 443 1820 507 61
1842 437 1990 524 capitula
2009 441 2038 524 l,
2063 443 2112 520 ll,
2138 442 2224 526 11111,

1398 569 1474 620 cum
1497 549 1611 619 Latina
1633 551 1837 620 6666166661
1860 551 1959 636 66116,
1984 569 2067 622 6666
2084 565 2225 640 666666

1396 663 1476 750 616,
1493 681 1593 750 quem
1615 661 1650 730 in
1673 663 1746 749 ejus
1769 680 1869 732 usum
1893 663 2083 734 coniecerat
2099 669 2224 734 Comes

1397 775 1536 846 carolus
1553 776 1706 845 06166166
1731 775 1938 862 1661161661
1959 777 2084 875 leviora
2100 780 2223 848 menda

1396 889 1524 976 aliquot
1546 890 1619 977 eius
1642 890 1799 960 editionis
1816 907 1857 960 66
1872 892 1987 962 codice
2003 893 2038 972 ip
2062 911 2141 962 mea
2157 893 2223 962 edi·

1396 1000 1486 1070 tione
1518 1003 1615 1070 tacite
1647 1003 1787 1072 correxi.
1822 1006 2049 1090 Proposuerat
2086 1006 2224 1074 demum

1396 1113 1496 1182 edere
1519 1095 1641 1182 librum
1672 1120 1780 1183 totum
1812 1117 1886 1184 Sao.
1909 1117 2034 1202 loseph
2067 1117 2223 1198 bobiati,

1354 1227 1363 1246 ⁸
1395 1229 1521 1296 Doctor
1551 1227 1691 1314 (16116611
1719 1228 1957 1298 Ambmsianae
1992 1229 2224 1299 Bibliothecae

1396 1339 1436 1409 ah
1459 1357 1551 1408 anno
1573 1343 1683 1425 18115,
1706 1341 1820 1411 61616
1852 1359 1906 1410 mo
1936 1343 2023 1412 hene
2055 1345 2222 1422 meritus,

1395 1451 1452 1539 661
1474 1459 1602 1540 partem
1626 1453 1701 1522 libri
1723 1454 1791 1540 jam
1808 1454 2029 1540 descripserat
2045 1463 2080 1524 61
2102 1451 2223 1524 611616

1395 1563 1580 1633 adversaria
1604 1567 1802 1653 conjecerat,
1826 1565 2038 1636 6616166666
2055 1585 2122 1654 666
2136 1569 2222 1656 jam-

1395 1676 1524 1764 pridem
1546 1677 1727 1770 vexabatur,
1748 1663 2222 1750 66161611661666616666616

1396 1787 1572 1858 deiunotus
1596 1775 1757 1859 6616666
1785 1793 1884 1860 test.

1441 1901 1572 1971 Diutius
1595 1901 1790 1974 delitescere
1821 1903 1945 1972 librum
1977 1921 2123 1992 aequum
2155 1922 2220 1974 non

1396 2020 1477 2098 erat,
1493 2021 1526 2082 et
1546 2016 1614 2102 J'am
1637 2017 1782 2103 protero,
1806 2016 1951 2086 fideliter
1974 2027 2141 2104 quantum
2165 2035 2222 2104 po
2311 2013 2312 2020 ’

1396 2127 1444 2196 161
1468 2127 1617 2198 codicem
1643 2129 1809 2211 reterens,
1835 2129 1899 2198 nisi
1932 2131 2023 2218 qnod
2053 2130 2222 2200 levissima

1396 2239 1601 2325 sphalmata,
1625 2247 1664 2310 ut
1693 2241 1857 2311 iotacismi
1886 2259 1924 2309 ac
1955 2235 2095 2334 similia,
2121 2243 2219 2312 166116

1395 2353 1563 2423 interdum
1587 2355 1659 2441 ipse
1676 2355 1817 2440 correxi,
1834 2353 1886 2424 661
1910 2355 2077 2424 66666166
2100 2373 2219 2424 manns
2311 2401 2312 2428 ι

1396 2467 1620 2536 correctiones
1636 2469 1760 2554 rocepi3
1785 2468 1919 2554 saepius
1936 2475 2048 2537 tamen
2064 2468 2215 2538 indicari.
2311 2555 2312 2576 χ

1395 2580 1502 2686 Etiam
1525 2581 1661 2667 spiritus
1678 2582 2070 2675 616666616666661166
2087 2580 2218 2654 6611661,

1396 2711 1457 2764 666
1480 2695 1572 2780 16666
1595 2711 1756 2767 erroneos
1781 2695 1921 2777 correxi,
1939 2695 2002 2764 nisi
2027 2695 2141 2765 statim
2162 2713 2217 2766 oc·
2311 2675 2312 2744 1

1395 2813 1569 2876 currerent
1591 2807 1655 2876 loci
1680 2808 1757 2892 6111,
1780 2808 1815 2876 16
1839 2808 1960 2895 quibus
1984 2807 2058 2894 ipse
2081 2809 2160 2876 lihri
2184 2825 2217 2874 a·

1394 2920 1585 2988 666666616
1608 2925 1699 2988 66616
1719 2920 1869 3003 dederat3
1894 2921 2062 2990 6616116
2085 2921 2137 2989 his
2155 2937 2217 2990 una
2311 2991 2312 3004 ,

1395 3031 1624 3102 61166666ιί66
1639 3049 1693 3102 me
1716 3033 1847 3102 incauto
1863 3034 2050 3102 correxisse
2065 3051 2158 3102 6666
2172 3033 2218 3100 ri·
2311 3047 2312 3116 ξ

1395 3145 1473 3226 deo;
1496 3145 1630 3213 demum
1653 3144 1780 3214 inullis
1804 3145 1968 3214 rationem
1992 3145 2026 3213 in
2047 3145 2217 3214 codicibus

1394 3273 1494 3343 saepe
1510 3257 1650 3338 obviam,
1676 3257 1736 3326 sed
1752 3275 1851 3344 qnam
1873 3255 2029 3344 impressi
2054 3257 2130 3326 lihri
2151 3275 2216 3326 non
2311 3335 2312 3342 ἵ

1395 3377 1529 3452 norunt,
1545 3369 1691 3440 indicare
1707 3373 1775 3439 non
1799 3370 1905 3457 potui,
1922 3387 1985 3438 nec
2001 3369 2103 3438 ctiam
2116 3369 2215 3440 66161.

1395 3483 1699 3568 interpunctionem
1730 3483 1801 3568 ipse
1829 3483 1989 3568 apposui,
2013 3481 2069 3551 illa
2093 3481 2216 3552 codicis
2311 3519 2312 3562 ι

1394 3595 1544 3682 66616616
1567 3601 1684 3682 616616
1707 3595 1806 3664 nimis
1830 3612 1849 3664 6
1876 3600 1992 3664 nostra
2015 3595 2216 3665 abhorrente

1395 3725 1457 3778 nec
1480 3715 1518 3778 ut
1548 3703 1624 3776 libri
1652 3707 1795 3794 iunioris
1818 3705 1917 3793 11666
1944 3706 2136 3794 661166666
2163 3727 2216 3778 66-

1394 3827 1663 3909 praesentaretur
1677 3819 1830 3890 hdeliter.
1847 3819 2043 3892 versionem
2067 3823 2217 3890 Latinam

1394 3931 1528 4016 addam,
1553 3950 1669 4016 necne,
1693 3939 1771 4019 post
1794 3939 1904 4002 totum
1926 3933 2048 4002 librum
2072 3933 2215 4020 impres·

1394 4065 1469 4118 sum
1492 4046 1642 4133 6166666
1667 4045 1753 4114 1666
1776 4050 1990 4131 perspectum
2013 4043 2137 4114 haereo
2165 4045 2216 4114 in-

1395 4167 1527 4242 cartus;
1559 4158 1589 4227 si
1611 4158 1725 4229 ridoro
1751 4157 1955 4242 desiderari,
1977 4157 2011 4225 in
2042 4163 2216 4244 posterum
2311 4169 2312 4176 ‘

1393 4272 1571 4360 perficiam.
1589 4273 1746 4340 Getemm
1760 4285 1896 4338 manum
1913 4267 2077 4338 medicam
2095 4269 2226 4338 alicubi·
2311 4333 2312 4340 ,

1394 4385 1562 4455 166116661
1584 4383 1693 4454 adhuc
1716 4389 1832 4452 noster
1855 4381 1940 4452 lihcr
1962 4381 2110 4468 11666666
2126 4383 2215 4468 6661

1393 4498 1533 4583 6111661,
1557 4503 1591 4566 61
1613 4495 1719 4582 magis
1742 4495 1842 4566 etiam
1866 4495 1900 4564 in
1927 4495 1968 4564 iis
1992 4512 2077 4582 6666
2101 4513 2215 4564 66666-

1393 4611 1494 4682 tionis
1517 4609 1691 4680 veritatom
1714 4615 1863 4694 16666661.
1890 4609 2085 4694 utrunque,
2100 4613 2140 4675 61
2161 4623 2215 4676 res

1392 4724 1479 4795 bene
1510 4721 1743 4810 66616166166,
1766 4719 1988 4808 661166161616
2019 4719 2128 4792 doctis
2160 4719 2215 4806 661

1393 4836 1427 4906 16
1450 4834 1630 4923 6161616616
1654 4835 1778 4904 Graeca
1794 4833 1971 4902 christiana
1994 4837 2030 4902 et
2053 4831 2087 4900 in
2110 4831 2214 4902 eccle·

1393 4948 1524 5020 siastica
1547 4945 1685 5016 historia
1709 4945 1831 5018 versati
1853 4945 1959 5033 parati
1981 4943 2024 5014 ad
2055 4961 2127 5014 rom
2159 4961 2214 5013 ac-

1395 5061 1514 5133 cedero
1536 5063 1688 5149 possunt.
