<?xml version="1.0" encoding="UTF-8"?>
<!DOCTYPE html PUBLIC "-//W3C//DTD XHTML 1.0 Transitional//EN"
    "http://www.w3.org/TR/xhtml1/DTD/xhtml1-transitional.dtd">
<html xmlns="http://www.w3.org/1999/xhtml" xml:lang="en" lang="en">
 <head>
  <title>
</title>
<meta http-equiv="Content-Type" content="text/html;charset=utf-8" />
  <meta name='ocr-system' content='tesseract 3.04.00' />
  <meta name='ocr-capabilities' content='ocr_page ocr_carea ocr_par ocr_line ocrx_word'/>
</head>
<body>
  <div class='ocr_page' id='page_1' title='image "./fragmentumactuu00unkngoog/fragmentumactuu00unkngoog_0199.png"; bbox 0 0 4594 6452; ppageno 0'>
   <div class='ocr_carea' id='block_1_1' title="bbox 1079 177 1419 284">
    <p class='ocr_par' dir='ltr' id='par_1_1' title="bbox 1079 177 1419 284">
     <span class='ocr_line' id='line_1_1' title="bbox 1079 177 1419 284; baseline 0.003 -1"><span class='ocrx_word' id='word_1_1' title='bbox 1079 177 1085 188; x_wconf 85' lang='lat'>&#39;</span> <span class='ocrx_word' id='word_1_2' title='bbox 1235 211 1419 284; x_wconf 83' lang='lat' dir='ltr'><strong>-on-</strong></span> 
     </span>
    </p>
   </div>
   <div class='ocr_carea' id='block_1_2' title="bbox 343 363 1282 3005">
    <p class='ocr_par' dir='ltr' id='par_1_2' title="bbox 453 363 1282 2625">
     <span class='ocr_line' id='line_1_2' title="bbox 459 363 1278 456; baseline 0.004 -16"><span class='ocrx_word' id='word_1_3' title='bbox 459 365 618 440; x_wconf 88' lang='lat' dir='ltr'><strong>iudicasti</strong></span> <span class='ocrx_word' id='word_1_4' title='bbox 647 363 732 438; x_wconf 92' lang='lat' dir='ltr'><strong>mibi</strong></span> <span class='ocrx_word' id='word_1_5' title='bbox 751 381 902 456; x_wconf 81' lang='lat' dir='ltr'><strong>quanam</strong></span> <span class='ocrx_word' id='word_1_6' title='bbox 921 381 1007 456; x_wconf 86' lang='lat' dir='ltr'><strong>voce</strong></span> <span class='ocrx_word' id='word_1_7' title='bbox 1025 363 1203 438; x_wconf 85' lang='lat' dir='ltr'><strong>laudarem</strong></span> <span class='ocrx_word' id='word_1_8' title='bbox 1231 369 1278 446; x_wconf 82' lang='lat' dir='ltr'><strong>ta,</strong></span> 
     </span>
     <span class='ocr_line' id='line_1_3' title="bbox 458 489 1280 584; baseline 0.002 -18"><span class='ocrx_word' id='word_1_9' title='bbox 458 500 517 566; x_wconf 89' lang='lat' dir='ltr'><strong>aut</strong></span> <span class='ocrx_word' id='word_1_10' title='bbox 534 489 589 566; x_wconf 86' lang='lat' dir='ltr'><strong>ox&#39;</strong></span> <span class='ocrx_word' id='word_1_11' title='bbox 606 493 734 584; x_wconf 87' lang='lat' dir='ltr'><strong>quibos</strong></span> <span class='ocrx_word' id='word_1_12' title='bbox 761 491 929 566; x_wconf 87' lang='lat' dir='ltr'><strong>membris</strong></span> <span class='ocrx_word' id='word_1_13' title='bbox 948 493 1138 566; x_wconf 88' lang='lat' dir='ltr'><strong>ascendere</strong></span> <span class='ocrx_word' id='word_1_14' title='bbox 1157 494 1280 568; x_wconf 88' lang='lat' dir='ltr'><strong>inciam</strong></span> 
     </span>
     <span class='ocr_line' id='line_1_4' title="bbox 457 618 1279 710; baseline 0.001 -17"><span class='ocrx_word' id='word_1_15' title='bbox 457 621 502 694; x_wconf 84' lang='lat' dir='ltr'><strong>atl</strong></span> <span class='ocrx_word' id='word_1_16' title='bbox 529 627 562 694; x_wconf 88' lang='lat' dir='ltr'><strong>tc</strong></span> <span class='ocrx_word' id='word_1_17' title='bbox 589 619 760 710; x_wconf 82' lang='lat' dir='ltr'><strong>bymnum</strong></span> <span class='ocrx_word' id='word_1_18' title='bbox 783 625 819 690; x_wconf 89' lang='lat' dir='ltr'><strong>et</strong></span> <span class='ocrx_word' id='word_1_19' title='bbox 845 618 1090 692; x_wconf 76' lang='lat' dir='ltr'><strong>laudationem.</strong></span> <span class='ocrx_word' id='word_1_20' title='bbox 1120 621 1157 692; x_wconf 92' lang='lat' dir='ltr'><strong>Si</strong></span> <span class='ocrx_word' id='word_1_21' title='bbox 1184 621 1279 696; x_wconf 89' lang='lat' dir='ltr'><strong>euim</strong></span> 
     </span>
     <span class='ocr_line' id='line_1_5' title="bbox 457 721 1279 840; baseline 0.001 -19"><span class='ocrx_word' id='word_1_22' title='bbox 457 721 575 822; x_wconf 76' lang='lat' dir='ltr'><strong>essent</strong></span> <span class='ocrx_word' id='word_1_23' title='bbox 593 745 749 820; x_wconf 88' lang='lat' dir='ltr'><strong>mambra</strong></span> <span class='ocrx_word' id='word_1_24' title='bbox 773 765 850 820; x_wconf 88' lang='lat' dir='ltr'><strong>mea</strong></span> <span class='ocrx_word' id='word_1_25' title='bbox 869 765 940 828; x_wconf 90' lang='lat' dir='ltr'><strong>ora,</strong></span> <span class='ocrx_word' id='word_1_26' title='bbox 962 753 997 820; x_wconf 92' lang='lat' dir='ltr'><strong>et</strong></span> <span class='ocrx_word' id='word_1_27' title='bbox 1023 749 1138 838; x_wconf 91' lang='lat' dir='ltr'><strong>capilli</strong></span> <span class='ocrx_word' id='word_1_28' title='bbox 1157 749 1279 840; x_wconf 89' lang='lat' dir='ltr'><strong>capitis</strong></span> 
     </span>
     <span class='ocr_line' id='line_1_6' title="bbox 457 875 1279 966; baseline 0.002 -18"><span class='ocrx_word' id='word_1_29' title='bbox 457 877 525 948; x_wconf 89' lang='lat' dir='ltr'><strong>mei</strong></span> <span class='ocrx_word' id='word_1_30' title='bbox 546 893 660 957; x_wconf 82' lang='lat' dir='ltr'><strong>voces,</strong></span> <span class='ocrx_word' id='word_1_31' title='bbox 682 893 798 965; x_wconf 87' lang='lat' dir='ltr'><strong>neque</strong></span> <span class='ocrx_word' id='word_1_32' title='bbox 816 875 861 946; x_wconf 91' lang='lat' dir='ltr'><strong>ita</strong></span> <span class='ocrx_word' id='word_1_33' title='bbox 890 891 1037 966; x_wconf 86' lang='lat' dir='ltr'><strong>possent</strong></span> <span class='ocrx_word' id='word_1_34' title='bbox 1051 875 1198 949; x_wconf 87' lang='lat' dir='ltr'><strong>reddero</strong></span> <span class='ocrx_word' id='word_1_35' title='bbox 1216 875 1279 950; x_wconf 94' lang='lat' dir='ltr'><strong>tibi</strong></span> 
     </span>
     <span class='ocr_line' id='line_1_7' title="bbox 453 1001 1281 1088; baseline 0.006 -16"><span class='ocrx_word' id='word_1_36' title='bbox 453 1001 606 1084; x_wconf 91' lang='lat' dir='ltr'><strong>laudem,</strong></span> <span class='ocrx_word' id='word_1_37' title='bbox 636 1009 694 1074; x_wconf 92' lang='lat' dir='ltr'><strong>aut</strong></span> <span class='ocrx_word' id='word_1_38' title='bbox 722 1002 949 1075; x_wconf 79' lang='lat' dir='ltr'><strong>celebratote</strong></span> <span class='ocrx_word' id='word_1_39' title='bbox 969 1003 1190 1088; x_wconf 91' lang='lat' dir='ltr'><strong>sicnt&#39;decet,</strong></span> <span class='ocrx_word' id='word_1_40' title='bbox 1221 1021 1281 1078; x_wconf 87' lang='lat' dir='ltr'><strong>ne·</strong></span> 
     </span>
     <span class='ocr_line' id='line_1_8' title="bbox 457 1131 1281 1222; baseline 0.005 -20"><span class='ocrx_word' id='word_1_41' title='bbox 457 1149 526 1222; x_wconf 85' lang='lat' dir='ltr'><strong>que</strong></span> <span class='ocrx_word' id='word_1_42' title='bbox 554 1131 693 1205; x_wconf 91' lang='lat' dir='ltr'><strong>laudem</strong></span> <span class='ocrx_word' id='word_1_43' title='bbox 722 1137 815 1204; x_wconf 91' lang='lat' dir='ltr'><strong>tuam</strong></span> <span class='ocrx_word' id='word_1_44' title='bbox 842 1150 986 1222; x_wconf 89' lang='lat' dir='ltr'><strong>possem</strong></span> <span class='ocrx_word' id='word_1_45' title='bbox 1014 1151 1191 1216; x_wconf 88' lang='lat' dir='ltr'><strong>enarrare,</strong></span> <span class='ocrx_word' id='word_1_46' title='bbox 1221 1140 1281 1206; x_wconf 90' lang='lat' dir='ltr'><strong>aut</strong></span> 
     </span>
     <span class='ocr_line' id='line_1_9' title="bbox 457 1259 1282 1348; baseline 0.005 -18"><span class='ocrx_word' id='word_1_47' title='bbox 457 1259 572 1333; x_wconf 90' lang='lat' dir='ltr'><strong>dicere</strong></span> <span class='ocrx_word' id='word_1_48' title='bbox 602 1259 892 1348; x_wconf 81' lang='lat' dir='ltr'><strong>magnificentiam</strong></span> <span class='ocrx_word' id='word_1_49' title='bbox 920 1260 1058 1334; x_wconf 90' lang='lat' dir='ltr'><strong>decoris</strong></span> <span class='ocrx_word' id='word_1_50' title='bbox 1095 1261 1157 1334; x_wconf 93' lang='lat' dir='ltr'><strong>tui.</strong></span> <span class='ocrx_word' id='word_1_51' title='bbox 1187 1260 1282 1346; x_wconf 85' lang='lat' dir='ltr'><strong>Quid</strong></span> 
     </span>
     <span class='ocr_line' id='line_1_10' title="bbox 456 1380 1282 1479; baseline 0.001 -20"><span class='ocrx_word' id='word_1_52' title='bbox 456 1380 550 1460; x_wconf 89' lang='lat' dir='ltr'><strong>enim</strong></span> <span class='ocrx_word' id='word_1_53' title='bbox 578 1405 642 1478; x_wconf 92' lang='lat' dir='ltr'><strong>ego</strong></span> <span class='ocrx_word' id='word_1_54' title='bbox 671 1405 750 1459; x_wconf 92' lang='lat' dir='ltr'><strong>sum</strong></span> <span class='ocrx_word' id='word_1_55' title='bbox 782 1387 872 1460; x_wconf 91' lang='lat' dir='ltr'><strong>inter</strong></span> <span class='ocrx_word' id='word_1_56' title='bbox 898 1387 1075 1472; x_wconf 87' lang='lat' dir='ltr'><strong>homiues,</strong></span> <span class='ocrx_word' id='word_1_57' title='bbox 1109 1395 1169 1460; x_wconf 91' lang='lat' dir='ltr'><strong>aut</strong></span> <span class='ocrx_word' id='word_1_58' title='bbox 1196 1387 1282 1479; x_wconf 83' lang='lat' dir='ltr'><strong>qnid</strong></span> 
     </span>
     <span class='ocr_line' id='line_1_11' title="bbox 457 1515 1282 1607; baseline 0.002 -21"><span class='ocrx_word' id='word_1_59' title='bbox 457 1521 641 1604; x_wconf 90' lang='lat' dir='ltr'><strong>computor</strong></span> <span class='ocrx_word' id='word_1_60' title='bbox 669 1533 733 1604; x_wconf 94' lang='lat' dir='ltr'><strong>ego</strong></span> <span class='ocrx_word' id='word_1_61' title='bbox 753 1535 832 1588; x_wconf 88' lang='lat' dir='ltr'><strong>cum</strong></span> <span class='ocrx_word' id='word_1_62' title='bbox 851 1515 902 1588; x_wconf 90' lang='lat' dir='ltr'><strong>eis</strong></span> <span class='ocrx_word' id='word_1_63' title='bbox 922 1517 981 1607; x_wconf 86' lang='lat' dir='ltr'><strong>qni</strong></span> <span class='ocrx_word' id='word_1_64' title='bbox 1010 1517 1282 1606; x_wconf 77' lang='lat' dir='ltr'><strong>praestantiores</strong></span> 
     </span>
     <span class='ocr_line' id='line_1_12' title="bbox 456 1616 1282 1734; baseline 0.004 -21"><span class='ocrx_word' id='word_1_65' title='bbox 456 1661 513 1714; x_wconf 91' lang='lat' dir='ltr'><strong>me</strong></span> <span class='ocrx_word' id='word_1_66' title='bbox 532 1649 625 1730; x_wconf 88' lang='lat' dir='ltr'><strong>sunt,</strong></span> <span class='ocrx_word' id='word_1_67' title='bbox 647 1627 728 1734; x_wconf 75' lang='lat' dir='ltr'><strong>poia</strong></span> <span class='ocrx_word' id='word_1_68' title='bbox 746 1645 861 1718; x_wconf 86' lang='lat' dir='ltr'><strong>audivi</strong></span> <span class='ocrx_word' id='word_1_69' title='bbox 881 1645 1053 1718; x_wconf 89' lang='lat' dir='ltr'><strong>mirabilia</strong></span> <span class='ocrx_word' id='word_1_70' title='bbox 1072 1616 1137 1718; x_wconf 85' lang='lat' dir='ltr'><strong>ista</strong></span> <span class='ocrx_word' id='word_1_71' title='bbox 1164 1645 1282 1718; x_wconf 91' lang='lat' dir='ltr'><strong>omnia</strong></span> 
     </span>
     <span class='ocr_line' id='line_1_13' title="bbox 457 1767 1282 1854; baseline 0.006 -14"><span class='ocrx_word' id='word_1_72' title='bbox 457 1767 501 1841; x_wconf 91' lang='lat' dir='ltr'><strong>ab</strong></span> <span class='ocrx_word' id='word_1_73' title='bbox 516 1769 704 1854; x_wconf 74' lang='lat' dir='ltr'><strong>ditissimo,</strong></span> <span class='ocrx_word' id='word_1_74' title='bbox 722 1777 756 1844; x_wconf 89' lang='lat' dir='ltr'><strong>et</strong></span> <span class='ocrx_word' id='word_1_75' title='bbox 773 1774 1054 1853; x_wconf 84' lang='lat' dir='ltr'><strong>annuntiationes</strong></span> <span class='ocrx_word' id='word_1_76' title='bbox 1069 1773 1220 1846; x_wconf 83' lang='lat' dir='ltr'><strong>infinitas</strong></span> <span class='ocrx_word' id='word_1_77' title='bbox 1239 1771 1282 1845; x_wconf 90' lang='lat' dir='ltr'><strong>ab</strong></span> 
     </span>
     <span class='ocr_line' id='line_1_14' title="bbox 457 1875 1280 1990; baseline 0.001 -20"><span class='ocrx_word' id='word_1_78' title='bbox 457 1916 499 1970; x_wconf 93' lang='lat' dir='ltr'><strong>eo</strong></span> <span class='ocrx_word' id='word_1_79' title='bbox 511 1898 569 1988; x_wconf 88' lang='lat' dir='ltr'><strong>qui</strong></span> <span class='ocrx_word' id='word_1_80' title='bbox 590 1895 800 1970; x_wconf 80' lang='lat' dir='ltr'><strong>mecrearitl</strong></span> <span class='ocrx_word' id='word_1_81' title='bbox 814 1899 915 1972; x_wconf 86' lang='lat' dir='ltr'><strong>Beata</strong></span> <span class='ocrx_word' id='word_1_82' title='bbox 931 1875 1126 1972; x_wconf 89' lang='lat' dir='ltr'><strong>matermea</strong></span> <span class='ocrx_word' id='word_1_83' title='bbox 1140 1900 1280 1990; x_wconf 88' lang='lat' dir='ltr'><strong>ingeni·</strong></span> 
     </span>
     <span class='ocr_line' id='line_1_15' title="bbox 456 2024 1278 2115; baseline 0 -19"><span class='ocrx_word' id='word_1_84' title='bbox 456 2025 653 2107; x_wconf 89' lang='lat' dir='ltr'><strong>tricibus‚ct</strong></span> <span class='ocrx_word' id='word_1_85' title='bbox 663 2024 903 2100; x_wconf 92' lang='lat' dir='ltr'><strong>laudabiturin</strong></span> <span class='ocrx_word' id='word_1_86' title='bbox 915 2025 1118 2098; x_wconf 91' lang='lat' dir='ltr'><strong>mulieribus</strong></span> <span class='ocrx_word' id='word_1_87' title='bbox 1128 2026 1278 2115; x_wconf 83' lang='lat' dir='ltr'><strong>genitrix</strong></span> 
     </span>
     <span class='ocr_line' id='line_1_16' title="bbox 456 2151 1278 2243; baseline 0 -19"><span class='ocrx_word' id='word_1_88' title='bbox 456 2170 544 2224; x_wconf 90' lang='lat' dir='ltr'><strong>mea.</strong></span> <span class='ocrx_word' id='word_1_89' title='bbox 575 2154 647 2243; x_wconf 85' lang='lat' dir='ltr'><strong>Ego</strong></span> <span class='ocrx_word' id='word_1_90' title='bbox 668 2159 783 2224; x_wconf 89' lang='lat' dir='ltr'><strong>autem</strong></span> <span class='ocrx_word' id='word_1_91' title='bbox 803 2169 874 2224; x_wconf 94' lang='lat' dir='ltr'><strong>non</strong></span> <span class='ocrx_word' id='word_1_92' title='bbox 893 2151 1017 2224; x_wconf 91' lang='lat' dir='ltr'><strong>tacebo</strong></span> <span class='ocrx_word' id='word_1_93' title='bbox 1035 2151 1178 2224; x_wconf 89' lang='lat' dir='ltr'><strong>laudare</strong></span> <span class='ocrx_word' id='word_1_94' title='bbox 1197 2153 1278 2224; x_wconf 80' lang='lat' dir='ltr'><strong>For·</strong></span> 
     </span>
     <span class='ocr_line' id='line_1_17' title="bbox 456 2277 1278 2363; baseline -0.005 -9"><span class='ocrx_word' id='word_1_95' title='bbox 456 2289 538 2363; x_wconf 91' lang='lat' dir='ltr'><strong>tem,</strong></span> <span class='ocrx_word' id='word_1_96' title='bbox 554 2281 617 2354; x_wconf 91' lang='lat' dir='ltr'><strong>sed</strong></span> <span class='ocrx_word' id='word_1_97' title='bbox 636 2281 672 2352; x_wconf 95' lang='lat' dir='ltr'><strong>iu</strong></span> <span class='ocrx_word' id='word_1_98' title='bbox 689 2297 773 2354; x_wconf 90' lang='lat' dir='ltr'><strong>voce</strong></span> <span class='ocrx_word' id='word_1_99' title='bbox 791 2279 904 2352; x_wconf 91' lang='lat' dir='ltr'><strong>laudis</strong></span> <span class='ocrx_word' id='word_1_100' title='bbox 920 2279 1088 2352; x_wconf 83' lang='lat' dir='ltr'><strong>enarrabo</strong></span> <span class='ocrx_word' id='word_1_101' title='bbox 1108 2277 1278 2352; x_wconf 90' lang='lat' dir='ltr'><strong>mirabilia</strong></span> 
     </span>
     <span class='ocr_line' id='line_1_18' title="bbox 456 2405 1276 2498; baseline 0.001 -19"><span class='ocrx_word' id='word_1_102' title='bbox 456 2407 545 2496; x_wconf 89' lang='lat' dir='ltr'><strong>ejus.</strong></span> <span class='ocrx_word' id='word_1_103' title='bbox 574 2407 703 2498; x_wconf 83' lang='lat' dir='ltr'><strong>Ecquis</strong></span> <span class='ocrx_word' id='word_1_104' title='bbox 723 2407 815 2480; x_wconf 93' lang='lat' dir='ltr'><strong>enim</strong></span> <span class='ocrx_word' id='word_1_105' title='bbox 843 2405 1091 2480; x_wconf 86' lang='lat' dir='ltr'><strong>assimilabitur</strong></span> <span class='ocrx_word' id='word_1_106' title='bbox 1109 2408 1145 2479; x_wconf 95' lang='lat' dir='ltr'><strong>in</strong></span> <span class='ocrx_word' id='word_1_107' title='bbox 1173 2408 1276 2480; x_wconf 92' lang='lat' dir='ltr'><strong>mira·</strong></span> 
     </span>
     <span class='ocr_line' id='line_1_19' title="bbox 455 2533 1279 2625; baseline 0.002 -19"><span class='ocrx_word' id='word_1_108' title='bbox 455 2533 586 2606; x_wconf 93' lang='lat' dir='ltr'><strong>bilibus</strong></span> <span class='ocrx_word' id='word_1_109' title='bbox 605 2535 685 2616; x_wconf 89' lang='lat' dir='ltr'><strong>tuis,</strong></span> <span class='ocrx_word' id='word_1_110' title='bbox 705 2535 810 2617; x_wconf 88' lang='lat' dir='ltr'><strong>Deus,</strong></span> <span class='ocrx_word' id='word_1_111' title='bbox 831 2541 890 2606; x_wconf 91' lang='lat' dir='ltr'><strong>aut</strong></span> <span class='ocrx_word' id='word_1_112' title='bbox 906 2535 986 2625; x_wconf 85' lang='lat' dir='ltr'><strong>quis</strong></span> <span class='ocrx_word' id='word_1_113' title='bbox 1006 2534 1279 2625; x_wconf 79' lang='lat' dir='ltr'><strong>comprehendet</strong></span> 
     </span>
    </p>

    <p class='ocr_par' dir='ltr' id='par_1_3' title="bbox 343 2661 1278 3005">
     <span class='ocr_line' id='line_1_20' title="bbox 457 2661 1278 2752; baseline 0 -18"><span class='ocrx_word' id='word_1_114' title='bbox 457 2661 699 2752; x_wconf 89' lang='lat' dir='ltr'><strong>cogitationem</strong></span> <span class='ocrx_word' id='word_1_115' title='bbox 721 2669 812 2733; x_wconf 91' lang='lat' dir='ltr'><strong>tuam</strong></span> <span class='ocrx_word' id='word_1_116' title='bbox 831 2661 1040 2752; x_wconf 80' lang='lat' dir='ltr'><strong>profundam</strong></span> <span class='ocrx_word' id='word_1_117' title='bbox 1055 2661 1177 2734; x_wconf 80' lang='lat' dir='ltr'><strong>vitae&#39;i</strong></span> <span class='ocrx_word' id='word_1_118' title='bbox 1191 2663 1278 2749; x_wconf 86' lang='lat' dir='ltr'><strong>Quia</strong></span> 
     </span>
     <span class='ocr_line' id='line_1_21' title="bbox 343 2761 1276 2880; baseline 0.003 -21"><span class='ocrx_word' id='word_1_119' title='bbox 343 2761 347 2772; x_wconf 62' lang='grc'><em>’</em></span> <span class='ocrx_word' id='word_1_120' title='bbox 457 2796 495 2859; x_wconf 91' lang='lat' dir='ltr'><strong>tu</strong></span> <span class='ocrx_word' id='word_1_121' title='bbox 514 2788 550 2859; x_wconf 94' lang='lat' dir='ltr'><strong>iu</strong></span> <span class='ocrx_word' id='word_1_122' title='bbox 578 2787 723 2878; x_wconf 85' lang='lat' dir='ltr'><strong>consilio</strong></span> <span class='ocrx_word' id='word_1_123' title='bbox 752 2795 811 2861; x_wconf 91' lang='lat' dir='ltr'><strong>tuo</strong></span> <span class='ocrx_word' id='word_1_124' title='bbox 839 2788 1014 2880; x_wconf 90' lang='lat' dir='ltr'><strong>gubernas</strong></span> <span class='ocrx_word' id='word_1_125' title='bbox 1034 2807 1158 2862; x_wconf 90' lang='lat' dir='ltr'><strong>omnes</strong></span> <span class='ocrx_word' id='word_1_126' title='bbox 1182 2807 1276 2862; x_wconf 91' lang='lat' dir='ltr'><strong>crea·</strong></span> 
     </span>
     <span class='ocr_line' id='line_1_22' title="bbox 456 2914 1277 3005; baseline 0.004 -18"><span class='ocrx_word' id='word_1_127' title='bbox 456 2916 787 3005; x_wconf 84' lang='lat' dir='ltr'><strong>turasqnascreavit</strong></span> <span class='ocrx_word' id='word_1_128' title='bbox 801 2914 943 2990; x_wconf 85' lang='lat' dir='ltr'><strong>dextera</strong></span> <span class='ocrx_word' id='word_1_129' title='bbox 957 2921 1122 3002; x_wconf 89' lang='lat' dir='ltr'><strong>tua,etto</strong></span> <span class='ocrx_word' id='word_1_130' title='bbox 1136 2935 1277 2990; x_wconf 89' lang='lat' dir='ltr'><strong>omnem</strong></span> 
     </span>
    </p>
   </div>
   <div class='ocr_carea' id='block_1_3' title="bbox 324 3035 1277 3133">
    <p class='ocr_par' dir='ltr' id='par_1_4' title="bbox 324 3035 1277 3133">
     <span class='ocr_line' id='line_1_23' title="bbox 324 3035 1277 3133; baseline 0.002 -17"><span class='ocrx_word' id='word_1_131' title='bbox 324 3115 345 3126; x_wconf 74' lang='grc'>,</span> <span class='ocrx_word' id='word_1_132' title='bbox 455 3043 588 3114; x_wconf 90' lang='lat' dir='ltr'><strong>iontem</strong></span> <span class='ocrx_word' id='word_1_133' title='bbox 615 3043 703 3115; x_wconf 88' lang='lat' dir='ltr'><strong>tucis</strong></span> <span class='ocrx_word' id='word_1_134' title='bbox 722 3041 816 3133; x_wconf 90' lang='lat' dir='ltr'><strong>apud</strong></span> <span class='ocrx_word' id='word_1_135' title='bbox 843 3048 875 3116; x_wconf 90' lang='lat' dir='ltr'><strong>te</strong></span> <span class='ocrx_word' id='word_1_136' title='bbox 904 3044 1123 3128; x_wconf 85' lang='lat' dir='ltr'><strong>constituisti,</strong></span> <span class='ocrx_word' id='word_1_137' title='bbox 1145 3051 1179 3118; x_wconf 91' lang='lat' dir='ltr'><strong>et</strong></span> <span class='ocrx_word' id='word_1_138' title='bbox 1201 3035 1277 3118; x_wconf 78' lang='lat' dir='ltr'><strong>tbe&#39;·</strong></span> 
     </span>
    </p>
   </div>
   <div class='ocr_carea' id='block_1_4' title="bbox 453 3169 1279 4153">
    <p class='ocr_par' dir='ltr' id='par_1_5' title="bbox 453 3169 1279 4153">
     <span class='ocr_line' id='line_1_24' title="bbox 456 3169 1276 3262; baseline 0.002 -20"><span class='ocrx_word' id='word_1_139' title='bbox 456 3172 549 3243; x_wconf 91' lang='lat' dir='ltr'><strong>sauri</strong></span> <span class='ocrx_word' id='word_1_140' title='bbox 590 3171 779 3262; x_wconf 88' lang='lat' dir='ltr'><strong>sapientiae</strong></span> <span class='ocrx_word' id='word_1_141' title='bbox 811 3171 939 3244; x_wconf 90' lang='lat' dir='ltr'><strong>subtus</strong></span> <span class='ocrx_word' id='word_1_142' title='bbox 977 3169 1142 3242; x_wconf 91' lang='lat' dir='ltr'><strong>thronum</strong></span> <span class='ocrx_word' id='word_1_143' title='bbox 1178 3177 1276 3244; x_wconf 93' lang='lat' dir='ltr'><strong>tuum</strong></span> 
     </span>
     <span class='ocr_line' id='line_1_25' title="bbox 453 3297 1276 3390; baseline 0.005 -22"><span class='ocrx_word' id='word_1_144' title='bbox 453 3297 677 3388; x_wconf 86' lang='lat' dir='ltr'><strong>praeparasti.</strong></span> <span class='ocrx_word' id='word_1_145' title='bbox 697 3297 739 3368; x_wconf 86' lang='lat' dir='ltr'><strong>Et</strong></span> <span class='ocrx_word' id='word_1_146' title='bbox 761 3297 855 3387; x_wconf 88' lang='lat' dir='ltr'><strong>juste</strong></span> <span class='ocrx_word' id='word_1_147' title='bbox 873 3303 1022 3388; x_wconf 91' lang='lat' dir='ltr'><strong>pereunt</strong></span> <span class='ocrx_word' id='word_1_148' title='bbox 1040 3298 1100 3381; x_wconf 94' lang='lat' dir='ltr'><strong>illi,</strong></span> <span class='ocrx_word' id='word_1_149' title='bbox 1121 3299 1183 3390; x_wconf 91' lang='lat' dir='ltr'><strong>qui</strong></span> <span class='ocrx_word' id='word_1_150' title='bbox 1205 3317 1276 3372; x_wconf 95' lang='lat' dir='ltr'><strong>non</strong></span> 
     </span>
     <span class='ocr_line' id='line_1_26' title="bbox 455 3422 1278 3516; baseline 0.004 -21"><span class='ocrx_word' id='word_1_151' title='bbox 455 3422 652 3496; x_wconf 85' lang='lat' dir='ltr'><strong>dilexerunt</strong></span> <span class='ocrx_word' id='word_1_152' title='bbox 678 3425 791 3516; x_wconf 92' lang='lat' dir='ltr'><strong>legem</strong></span> <span class='ocrx_word' id='word_1_153' title='bbox 811 3430 915 3508; x_wconf 90' lang='lat' dir='ltr'><strong>tunm,</strong></span> <span class='ocrx_word' id='word_1_154' title='bbox 936 3431 970 3497; x_wconf 90' lang='lat' dir='ltr'><strong>et</strong></span> <span class='ocrx_word' id='word_1_155' title='bbox 997 3431 1208 3499; x_wconf 88' lang='lat' dir='ltr'><strong>tormentum</strong></span> <span class='ocrx_word' id='word_1_156' title='bbox 1224 3425 1278 3516; x_wconf 78' lang='lat' dir='ltr'><strong>iu·</strong></span> 
     </span>
     <span class='ocr_line' id='line_1_27' title="bbox 454 3549 1275 3644; baseline 0.004 -20"><span class='ocrx_word' id='word_1_157' title='bbox 454 3549 1275 3644; x_wconf 52' lang='lat' dir='ltr'><strong>mmmmwwmmm</strong></span> 
     </span>
     <span class='ocr_line' id='line_1_28' title="bbox 456 3679 1277 3774; baseline 0.006 -24"><span class='ocrx_word' id='word_1_158' title='bbox 456 3683 538 3750; x_wconf 91' lang='lat' dir='ltr'><strong>runt</strong></span> <span class='ocrx_word' id='word_1_159' title='bbox 559 3679 722 3769; x_wconf 88' lang='lat' dir='ltr'><strong>potestati</strong></span> <span class='ocrx_word' id='word_1_160' title='bbox 749 3685 839 3752; x_wconf 88' lang='lat' dir='ltr'><strong>tuae.</strong></span> <span class='ocrx_word' id='word_1_161' title='bbox 869 3681 906 3752; x_wconf 90' lang='lat' dir='ltr'><strong>Si</strong></span> <span class='ocrx_word' id='word_1_162' title='bbox 933 3681 1025 3754; x_wconf 91' lang='lat' dir='ltr'><strong>enim</strong></span> <span class='ocrx_word' id='word_1_163' title='bbox 1044 3681 1153 3755; x_wconf 80' lang='lat' dir='ltr'><strong>Adam</strong></span> <span class='ocrx_word' id='word_1_164' title='bbox 1181 3683 1277 3774; x_wconf 92' lang='lat' dir='ltr'><strong>prior</strong></span> 
     </span>
     <span class='ocr_line' id='line_1_29' title="bbox 454 3807 1277 3902; baseline 0.005 -22"><span class='ocrx_word' id='word_1_165' title='bbox 454 3807 620 3896; x_wconf 84' lang='lat' dir='ltr'><strong>peccavit,</strong></span> <span class='ocrx_word' id='word_1_166' title='bbox 650 3812 684 3879; x_wconf 93' lang='lat' dir='ltr'><strong>ct</strong></span> <span class='ocrx_word' id='word_1_167' title='bbox 711 3807 821 3881; x_wconf 89' lang='lat' dir='ltr'><strong>attulit</strong></span> <span class='ocrx_word' id='word_1_168' title='bbox 848 3815 995 3882; x_wconf 91' lang='lat' dir='ltr'><strong>mortem</strong></span> <span class='ocrx_word' id='word_1_169' title='bbox 1023 3828 1130 3902; x_wconf 89' lang='lat' dir='ltr'><strong>sopor</strong></span> <span class='ocrx_word' id='word_1_170' title='bbox 1154 3827 1277 3884; x_wconf 90' lang='lat' dir='ltr'><strong>omnes</strong></span> 
     </span>
     <span class='ocr_line' id='line_1_30' title="bbox 455 3929 1277 4021; baseline 0.005 -20"><span class='ocrx_word' id='word_1_171' title='bbox 455 3931 516 4020; x_wconf 82' lang='lat' dir='ltr'><strong>qui</strong></span> <span class='ocrx_word' id='word_1_172' title='bbox 545 3936 700 4020; x_wconf 88' lang='lat' dir='ltr'><strong>tempore</strong></span> <span class='ocrx_word' id='word_1_173' title='bbox 732 3929 807 4021; x_wconf 76' lang='lat' dir='ltr'><strong>eius</strong></span> <span class='ocrx_word' id='word_1_174' title='bbox 835 3951 907 4006; x_wconf 94' lang='lat' dir='ltr'><strong>non</strong></span> <span class='ocrx_word' id='word_1_175' title='bbox 934 3939 1054 4018; x_wconf 86' lang='lat' dir='ltr'><strong>erant;</strong></span> <span class='ocrx_word' id='word_1_176' title='bbox 1082 3933 1277 4006; x_wconf 85' lang='lat' dir='ltr'><strong>sedetiam</strong></span> 
     </span>
     <span class='ocr_line' id='line_1_31' title="bbox 455 4056 1279 4153; baseline 0.007 -25"><span class='ocrx_word' id='word_1_177' title='bbox 455 4056 504 4128; x_wconf 93' lang='lat' dir='ltr'><strong>illi</strong></span> <span class='ocrx_word' id='word_1_178' title='bbox 520 4057 580 4147; x_wconf 83' lang='lat' dir='ltr'><strong>qui</strong></span> <span class='ocrx_word' id='word_1_179' title='bbox 594 4073 638 4130; x_wconf 82' lang='lat' dir='ltr'><strong>ex</strong></span> <span class='ocrx_word' id='word_1_180' title='bbox 653 4073 696 4130; x_wconf 89' lang='lat' dir='ltr'><strong>eo</strong></span> <span class='ocrx_word' id='word_1_181' title='bbox 709 4059 780 4130; x_wconf 92' lang='lat' dir='ltr'><strong>nati</strong></span> <span class='ocrx_word' id='word_1_182' title='bbox 798 4065 881 4131; x_wconf 92' lang='lat' dir='ltr'><strong>sunt</strong></span> <span class='ocrx_word' id='word_1_183' title='bbox 899 4060 1143 4153; x_wconf 85' lang='lat' dir='ltr'><strong>unnsquisque</strong></span> <span class='ocrx_word' id='word_1_184' title='bbox 1163 4079 1207 4133; x_wconf 81' lang='lat' dir='ltr'><strong>ex</strong></span> <span class='ocrx_word' id='word_1_185' title='bbox 1226 4060 1279 4134; x_wconf 89' lang='lat' dir='ltr'><strong>eis</strong></span> 
     </span>
    </p>
   </div>
   <div class='ocr_carea' id='block_1_5' title="bbox 303 4183 1277 4275">
    <p class='ocr_par' dir='ltr' id='par_1_6' title="bbox 303 4183 1277 4275">
     <span class='ocr_line' id='line_1_32' title="bbox 303 4183 1277 4275; baseline 0.009 -23"><span class='ocrx_word' id='word_1_186' title='bbox 303 4193 309 4204; x_wconf 90' lang='lat'><strong>·</strong></span> <span class='ocrx_word' id='word_1_187' title='bbox 454 4183 671 4275; x_wconf 82' lang='lat' dir='ltr'><strong>praeparavit</strong></span> <span class='ocrx_word' id='word_1_188' title='bbox 689 4185 825 4258; x_wconf 90' lang='lat' dir='ltr'><strong>animae</strong></span> <span class='ocrx_word' id='word_1_189' title='bbox 842 4205 927 4259; x_wconf 88' lang='lat' dir='ltr'><strong>suae</strong></span> <span class='ocrx_word' id='word_1_190' title='bbox 945 4191 1157 4260; x_wconf 91' lang='lat' dir='ltr'><strong>tormentum</strong></span> <span class='ocrx_word' id='word_1_191' title='bbox 1184 4187 1277 4261; x_wconf 90' lang='lat' dir='ltr'><strong>luto·</strong></span> 
     </span>
    </p>
   </div>
   <div class='ocr_carea' id='block_1_6' title="bbox 399 4311 1279 5809">
    <p class='ocr_par' dir='ltr' id='par_1_7' title="bbox 399 4311 1279 5809">
     <span class='ocr_line' id='line_1_33' title="bbox 456 4311 1279 4406; baseline 0.006 -24"><span class='ocrx_word' id='word_1_192' title='bbox 456 4329 555 4396; x_wconf 89' lang='lat' dir='ltr'><strong>rom;</strong></span> <span class='ocrx_word' id='word_1_193' title='bbox 585 4311 762 4384; x_wconf 90' lang='lat' dir='ltr'><strong>etiterum</strong></span> <span class='ocrx_word' id='word_1_194' title='bbox 781 4315 1026 4404; x_wconf 85' lang='lat' dir='ltr'><strong>unusquisque</strong></span> <span class='ocrx_word' id='word_1_195' title='bbox 1045 4331 1088 4386; x_wconf 84' lang='lat' dir='ltr'><strong>er</strong></span> <span class='ocrx_word' id='word_1_196' title='bbox 1106 4315 1158 4386; x_wconf 87' lang='lat' dir='ltr'><strong>cis</strong></span> <span class='ocrx_word' id='word_1_197' title='bbox 1177 4315 1279 4406; x_wconf 90' lang='lat' dir='ltr'><strong>elegit</strong></span> 
     </span>
     <span class='ocr_line' id='line_1_34' title="bbox 456 4435 1276 4531; baseline 0.005 -21"><span class='ocrx_word' id='word_1_198' title='bbox 456 4437 524 4511; x_wconf 89' lang='lat' dir='ltr'><strong>sibi</strong></span> <span class='ocrx_word' id='word_1_199' title='bbox 543 4435 689 4529; x_wconf 90' lang='lat' dir='ltr'><strong>gloriam</strong></span> <span class='ocrx_word' id='word_1_200' title='bbox 707 4438 868 4512; x_wconf 87' lang='lat' dir='ltr'><strong>tutorum.</strong></span> <span class='ocrx_word' id='word_1_201' title='bbox 889 4439 991 4512; x_wconf 86' lang='lat' dir='ltr'><strong>Certo</strong></span> <span class='ocrx_word' id='word_1_202' title='bbox 1010 4441 1102 4514; x_wconf 92' lang='lat' dir='ltr'><strong>enim</strong></span> <span class='ocrx_word' id='word_1_203' title='bbox 1123 4441 1183 4531; x_wconf 85' lang='lat' dir='ltr'><strong>qui</strong></span> <span class='ocrx_word' id='word_1_204' title='bbox 1202 4458 1276 4516; x_wconf 89' lang='lat' dir='ltr'><strong>cre·</strong></span> 
     </span>
     <span class='ocr_line' id='line_1_35' title="bbox 458 4539 1278 4660; baseline 0.002 -20"><span class='ocrx_word' id='word_1_205' title='bbox 458 4539 1278 4660; x_wconf 84' lang='lat' dir='ltr'><strong>dit,recipietmercedem.Nuncantcmconrer·</strong></span> 
     </span>
     <span class='ocr_line' id='line_1_36' title="bbox 461 4695 1277 4788; baseline 0.002 -20"><span class='ocrx_word' id='word_1_206' title='bbox 461 4697 520 4768; x_wconf 90' lang='lat' dir='ltr'><strong>tite</strong></span> <span class='ocrx_word' id='word_1_207' title='bbox 538 4713 601 4768; x_wconf 84' lang='lat' dir='ltr'><strong>vos</strong></span> <span class='ocrx_word' id='word_1_208' title='bbox 622 4695 666 4768; x_wconf 91' lang='lat' dir='ltr'><strong>ad</strong></span> <span class='ocrx_word' id='word_1_209' title='bbox 685 4697 959 4786; x_wconf 90' lang='lat' dir='ltr'><strong>corruptionem,</strong></span> <span class='ocrx_word' id='word_1_210' title='bbox 980 4697 1078 4788; x_wconf 92' lang='lat' dir='ltr'><strong>impii</strong></span> <span class='ocrx_word' id='word_1_211' title='bbox 1098 4697 1159 4788; x_wconf 85' lang='lat' dir='ltr'><strong>qui</strong></span> <span class='ocrx_word' id='word_1_212' title='bbox 1182 4714 1277 4770; x_wconf 92' lang='lat' dir='ltr'><strong>nnnc</strong></span> 
     </span>
     <span class='ocr_line' id='line_1_37' title="bbox 454 4824 1278 4916; baseline 0 -18"><span class='ocrx_word' id='word_1_213' title='bbox 454 4825 550 4908; x_wconf 87' lang='lat' dir='ltr'><strong>estis,</strong></span> <span class='ocrx_word' id='word_1_214' title='bbox 567 4825 648 4916; x_wconf 86' lang='lat' dir='ltr'><strong>quia</strong></span> <span class='ocrx_word' id='word_1_215' title='bbox 667 4825 833 4898; x_wconf 89' lang='lat' dir='ltr'><strong>velociter</strong></span> <span class='ocrx_word' id='word_1_216' title='bbox 849 4825 1086 4912; x_wconf 63' lang='lat' dir='ltr'><strong>visitabimini,</strong></span> <span class='ocrx_word' id='word_1_217' title='bbox 1105 4824 1201 4916; x_wconf 84' lang='lat' dir='ltr'><strong>quod</strong></span> <span class='ocrx_word' id='word_1_218' title='bbox 1219 4825 1278 4898; x_wconf 92' lang='lat' dir='ltr'><strong>ali·</strong></span> 
     </span>
     <span class='ocr_line' id='line_1_38' title="bbox 455 4933 1275 5044; baseline 0.004 -20"><span class='ocrx_word' id='word_1_219' title='bbox 455 4950 595 5042; x_wconf 84' lang='lat' dir='ltr'><strong>qnando</strong></span> <span class='ocrx_word' id='word_1_220' title='bbox 616 4951 785 5042; x_wconf 86' lang='lat' dir='ltr'><strong>rejecistis</strong></span> <span class='ocrx_word' id='word_1_221' title='bbox 804 4969 866 5026; x_wconf 87' lang='lat' dir='ltr'><strong>ros</strong></span> <span class='ocrx_word' id='word_1_222' title='bbox 885 4952 1143 5044; x_wconf 80' lang='lat' dir='ltr'><strong>intelligentiam</strong></span> <span class='ocrx_word' id='word_1_223' title='bbox 1172 4933 1275 5027; x_wconf 78' lang='lat' dir='ltr'><strong>Altis·</strong></span> 
     </span>
     <span class='ocr_line' id='line_1_39' title="bbox 454 5077 1274 5172; baseline 0.009 -24"><span class='ocrx_word' id='word_1_224' title='bbox 454 5077 546 5150; x_wconf 91' lang='lat' dir='ltr'><strong>simi.</strong></span> <span class='ocrx_word' id='word_1_225' title='bbox 565 5077 641 5152; x_wconf 88' lang='lat' dir='ltr'><strong>Non</strong></span> <span class='ocrx_word' id='word_1_226' title='bbox 660 5079 754 5152; x_wconf 90' lang='lat' dir='ltr'><strong>enim</strong></span> <span class='ocrx_word' id='word_1_227' title='bbox 769 5077 963 5154; x_wconf 89' lang='lat' dir='ltr'><strong>docuerunt</strong></span> <span class='ocrx_word' id='word_1_228' title='bbox 980 5098 1043 5154; x_wconf 90' lang='lat' dir='ltr'><strong>vos</strong></span> <span class='ocrx_word' id='word_1_229' title='bbox 1063 5099 1168 5172; x_wconf 86' lang='lat' dir='ltr'><strong>opera</strong></span> <span class='ocrx_word' id='word_1_230' title='bbox 1186 5081 1274 5172; x_wconf 85' lang='lat' dir='ltr'><strong>ejus,</strong></span> 
     </span>
     <span class='ocr_line' id='line_1_40' title="bbox 453 5207 1276 5295; baseline 0.006 -19"><span class='ocrx_word' id='word_1_231' title='bbox 453 5223 569 5295; x_wconf 85' lang='lat' dir='ltr'><strong>nequo</strong></span> <span class='ocrx_word' id='word_1_232' title='bbox 596 5207 770 5295; x_wconf 86' lang='lat' dir='ltr'><strong>persuasit</strong></span> <span class='ocrx_word' id='word_1_233' title='bbox 796 5207 895 5280; x_wconf 87' lang='lat' dir='ltr'><strong>robis</strong></span> <span class='ocrx_word' id='word_1_234' title='bbox 936 5207 1117 5280; x_wconf 88' lang='lat' dir='ltr'><strong>artidciom</strong></span> <span class='ocrx_word' id='word_1_235' title='bbox 1145 5215 1276 5282; x_wconf 89' lang='lat' dir='ltr'><strong>creatu·</strong></span> 
     </span>
     <span class='ocr_line' id='line_1_41' title="bbox 399 5331 1274 5428; baseline 0.009 -26"><span class='ocrx_word' id='word_1_236' title='bbox 399 5407 402 5416; x_wconf 67' lang='grc'><strong>,</strong></span> <span class='ocrx_word' id='word_1_237' title='bbox 454 5349 514 5404; x_wconf 91' lang='lat' dir='ltr'><strong>rae</strong></span> <span class='ocrx_word' id='word_1_238' title='bbox 541 5331 616 5423; x_wconf 84' lang='lat' dir='ltr'><strong>ejus</strong></span> <span class='ocrx_word' id='word_1_239' title='bbox 643 5333 739 5425; x_wconf 69' lang='lat' dir='ltr'><strong>duod</strong></span> <span class='ocrx_word' id='word_1_240' title='bbox 757 5339 811 5408; x_wconf 90' lang='lat' dir='ltr'><strong>cst</strong></span> <span class='ocrx_word' id='word_1_241' title='bbox 828 5353 978 5426; x_wconf 90' lang='lat' dir='ltr'><strong>semper.</strong></span> <span class='ocrx_word' id='word_1_242' title='bbox 1007 5335 1081 5410; x_wconf 90' lang='lat' dir='ltr'><strong>Non</strong></span> <span class='ocrx_word' id='word_1_243' title='bbox 1111 5343 1164 5410; x_wconf 90' lang='lat' dir='ltr'><strong>est</strong></span> <span class='ocrx_word' id='word_1_244' title='bbox 1192 5353 1274 5428; x_wconf 91' lang='lat' dir='ltr'><strong>ergo</strong></span> 
     </span>
     <span class='ocr_line' id='line_1_42' title="bbox 453 5457 1271 5550; baseline 0.005 -18"><span class='ocrx_word' id='word_1_245' title='bbox 453 5457 564 5532; x_wconf 80' lang='lat' dir='ltr'><strong>nram</strong></span> <span class='ocrx_word' id='word_1_246' title='bbox 592 5477 715 5542; x_wconf 88' lang='lat' dir='ltr'><strong>cansa,</strong></span> <span class='ocrx_word' id='word_1_247' title='bbox 744 5461 812 5534; x_wconf 91' lang='lat' dir='ltr'><strong>nisi</strong></span> <span class='ocrx_word' id='word_1_248' title='bbox 841 5462 975 5535; x_wconf 91' lang='lat' dir='ltr'><strong>animae</strong></span> <span class='ocrx_word' id='word_1_249' title='bbox 1003 5481 1088 5537; x_wconf 88' lang='lat' dir='ltr'><strong>suae</strong></span> <span class='ocrx_word' id='word_1_250' title='bbox 1120 5469 1271 5550; x_wconf 88' lang='lat' dir='ltr'><strong>tuntum;</strong></span> 
     </span>
     <span class='ocr_line' id='line_1_43' title="bbox 455 5588 1274 5680; baseline 0.006 -20"><span class='ocrx_word' id='word_1_251' title='bbox 455 5603 523 5660; x_wconf 87' lang='lat' dir='ltr'><strong>nos</strong></span> <span class='ocrx_word' id='word_1_252' title='bbox 550 5603 633 5658; x_wconf 85' lang='lat' dir='ltr'><strong>vero</strong></span> <span class='ocrx_word' id='word_1_253' title='bbox 660 5588 903 5680; x_wconf 85' lang='lat' dir='ltr'><strong>unusquisque</strong></span> <span class='ocrx_word' id='word_1_254' title='bbox 935 5590 998 5664; x_wconf 92' lang='lat' dir='ltr'><strong>init</strong></span> <span class='ocrx_word' id='word_1_255' title='bbox 1025 5593 1159 5666; x_wconf 90' lang='lat' dir='ltr'><strong>animae</strong></span> <span class='ocrx_word' id='word_1_256' title='bbox 1187 5609 1274 5666; x_wconf 88' lang='lat' dir='ltr'><strong>snae</strong></span> 
     </span>
     <span class='ocr_line' id='line_1_44' title="bbox 454 5713 1274 5809; baseline 0.006 -22"><span class='ocrx_word' id='word_1_257' title='bbox 454 5713 577 5788; x_wconf 78' lang='lat' dir='ltr'><strong>Adam.</strong></span> <span class='ocrx_word' id='word_1_258' title='bbox 606 5715 657 5788; x_wconf 82' lang='lat' dir='ltr'><strong>lu</strong></span> <span class='ocrx_word' id='word_1_259' title='bbox 685 5719 811 5800; x_wconf 72' lang='lat' dir='ltr'><strong>numm,</strong></span> <span class='ocrx_word' id='word_1_260' title='bbox 831 5716 989 5802; x_wconf 86' lang='lat' dir='ltr'><strong>bomine,</strong></span> <span class='ocrx_word' id='word_1_261' title='bbox 1011 5735 1051 5792; x_wconf 89' lang='lat' dir='ltr'><strong>ea</strong></span> <span class='ocrx_word' id='word_1_262' title='bbox 1070 5733 1274 5809; x_wconf 78' lang='lat' dir='ltr'><strong>quaerere</strong></span> 
     </span>
    </p>
   </div>
   <div class='ocr_carea' id='block_1_7' title="bbox 1366 361 2199 2507">
    <p class='ocr_par' dir='ltr' id='par_1_8' title="bbox 1368 361 2199 1220">
     <span class='ocr_line' id='line_1_45' title="bbox 1370 361 2199 456; baseline 0 -20"><span class='ocrx_word' id='word_1_263' title='bbox 1370 363 1558 446; x_wconf 88' lang='lat' dir='ltr'><strong>lastimibi‚</strong></span> <span class='ocrx_word' id='word_1_264' title='bbox 1574 362 1820 448; x_wconf 85' lang='lat' dir='ltr'><strong>declaramini,</strong></span> <span class='ocrx_word' id='word_1_265' title='bbox 1841 363 1935 438; x_wconf 88' lang='lat' dir='ltr'><strong>etde</strong></span> <span class='ocrx_word' id='word_1_266' title='bbox 1956 379 2000 438; x_wconf 87' lang='lat' dir='ltr'><strong>eo</strong></span> <span class='ocrx_word' id='word_1_267' title='bbox 2020 361 2126 456; x_wconf 78' lang='lat' dir='ltr'><strong>quod</strong></span> <span class='ocrx_word' id='word_1_268' title='bbox 2142 379 2199 455; x_wconf 86' lang='lat' dir='ltr'><strong>po</strong></span> 
     </span>
     <span class='ocr_line' id='line_1_46' title="bbox 1369 489 2197 574; baseline -0.005 -8"><span class='ocrx_word' id='word_1_269' title='bbox 1369 491 1569 566; x_wconf 80' lang='lat' dir='ltr'><strong>simarorim</strong></span> <span class='ocrx_word' id='word_1_270' title='bbox 1588 510 1607 563; x_wconf 91' lang='lat' dir='ltr'><strong>a</strong></span> <span class='ocrx_word' id='word_1_271' title='bbox 1625 497 1671 574; x_wconf 87' lang='lat' dir='ltr'><strong>te,</strong></span> <span class='ocrx_word' id='word_1_272' title='bbox 1691 491 1806 564; x_wconf 89' lang='lat' dir='ltr'><strong>iudica</strong></span> <span class='ocrx_word' id='word_1_273' title='bbox 1824 490 1920 564; x_wconf 90' lang='lat' dir='ltr'><strong>mibi.</strong></span> <span class='ocrx_word' id='word_1_274' title='bbox 1949 492 1990 562; x_wconf 92' lang='lat' dir='ltr'><strong>ln</strong></span> <span class='ocrx_word' id='word_1_275' title='bbox 2008 489 2082 564; x_wconf 90' lang='lat' dir='ltr'><strong>line</strong></span> <span class='ocrx_word' id='word_1_276' title='bbox 2104 491 2197 562; x_wconf 90' lang='lat' dir='ltr'><strong>enim</strong></span> 
     </span>
     <span class='ocr_line' id='line_1_47' title="bbox 1370 617 2196 712; baseline -0.002 -20"><span class='ocrx_word' id='word_1_277' title='bbox 1370 620 1480 692; x_wconf 88' lang='lat' dir='ltr'><strong>seculi</strong></span> <span class='ocrx_word' id='word_1_278' title='bbox 1504 619 1658 694; x_wconf 76' lang='lat' dir='ltr'><strong>nomeu</strong></span> <span class='ocrx_word' id='word_1_279' title='bbox 1685 621 1750 692; x_wconf 89' lang='lat' dir='ltr'><strong>erit</strong></span> <span class='ocrx_word' id='word_1_280' title='bbox 1777 619 1821 694; x_wconf 90' lang='lat' dir='ltr'><strong>dc</strong></span> <span class='ocrx_word' id='word_1_281' title='bbox 1848 620 1913 702; x_wconf 90' lang='lat' dir='ltr'><strong>iis,</strong></span> <span class='ocrx_word' id='word_1_282' title='bbox 1943 621 2004 712; x_wconf 85' lang='lat' dir='ltr'><strong>qui</strong></span> <span class='ocrx_word' id='word_1_283' title='bbox 2033 617 2196 710; x_wconf 84' lang='lat' dir='ltr'><strong>improbe</strong></span> 
     </span>
     <span class='ocr_line' id='line_1_48' title="bbox 1370 745 2194 840; baseline -0.006 -19"><span class='ocrx_word' id='word_1_284' title='bbox 1370 753 1540 838; x_wconf 87' lang='lat' dir='ltr'><strong>egerunt,</strong></span> <span class='ocrx_word' id='word_1_285' title='bbox 1566 745 1664 835; x_wconf 83' lang='lat' dir='ltr'><strong>juxta</strong></span> <span class='ocrx_word' id='word_1_286' title='bbox 1694 745 1950 840; x_wconf 89' lang='lat' dir='ltr'><strong>improbitatem</strong></span> <span class='ocrx_word' id='word_1_287' title='bbox 1979 764 2134 827; x_wconf 90' lang='lat' dir='ltr'><strong>eornm,</strong></span> <span class='ocrx_word' id='word_1_288' title='bbox 2163 751 2194 816; x_wconf 88' lang='lat' dir='ltr'><strong>ct</strong></span> 
     </span>
     <span class='ocr_line' id='line_1_49' title="bbox 1369 871 2192 964; baseline -0.005 -18"><span class='ocrx_word' id='word_1_289' title='bbox 1369 871 1580 964; x_wconf 82' lang='lat' dir='ltr'><strong>glorificabis</strong></span> <span class='ocrx_word' id='word_1_290' title='bbox 1620 872 1743 946; x_wconf 89' lang='lat' dir='ltr'><strong>tideles</strong></span> <span class='ocrx_word' id='word_1_291' title='bbox 1776 871 1874 961; x_wconf 85' lang='lat' dir='ltr'><strong>juxta</strong></span> <span class='ocrx_word' id='word_1_292' title='bbox 1910 871 2017 945; x_wconf 88' lang='lat' dir='ltr'><strong>tidem</strong></span> <span class='ocrx_word' id='word_1_293' title='bbox 2056 889 2192 944; x_wconf 91' lang='lat' dir='ltr'><strong>corum.</strong></span> 
     </span>
     <span class='ocr_line' id='line_1_50' title="bbox 1368 999 2193 1092; baseline -0.004 -17"><span class='ocrx_word' id='word_1_294' title='bbox 1368 1003 1451 1075; x_wconf 82' lang='lat' dir='ltr'><strong>lius·</strong></span> <span class='ocrx_word' id='word_1_295' title='bbox 1465 1003 1558 1075; x_wconf 90' lang='lat' dir='ltr'><strong>euim</strong></span> <span class='ocrx_word' id='word_1_296' title='bbox 1586 1003 1647 1092; x_wconf 82' lang='lat' dir='ltr'><strong>oui</strong></span> <span class='ocrx_word' id='word_1_297' title='bbox 1673 1003 1712 1074; x_wconf 93' lang='lat' dir='ltr'><strong>iu</strong></span> <span class='ocrx_word' id='word_1_298' title='bbox 1737 1002 1807 1074; x_wconf 90' lang='lat' dir='ltr'><strong>tois</strong></span> <span class='ocrx_word' id='word_1_299' title='bbox 1833 1007 1926 1084; x_wconf 89' lang='lat' dir='ltr'><strong>sunt,</strong></span> <span class='ocrx_word' id='word_1_300' title='bbox 1945 1005 1985 1072; x_wconf 92' lang='lat' dir='ltr'><strong>tu</strong></span> <span class='ocrx_word' id='word_1_301' title='bbox 2002 999 2193 1092; x_wconf 76' lang='lat' dir='ltr'><strong>gubernas,</strong></span> 
     </span>
     <span class='ocr_line' id='line_1_51' title="bbox 1369 1127 1984 1220; baseline -0.007 -18"><span class='ocrx_word' id='word_1_302' title='bbox 1369 1135 1404 1202; x_wconf 91' lang='lat' dir='ltr'><strong>et</strong></span> <span class='ocrx_word' id='word_1_303' title='bbox 1422 1147 1484 1203; x_wconf 88' lang='lat' dir='ltr'><strong>eos</strong></span> <span class='ocrx_word' id='word_1_304' title='bbox 1503 1130 1564 1220; x_wconf 86' lang='lat' dir='ltr'><strong>qui</strong></span> <span class='ocrx_word' id='word_1_305' title='bbox 1582 1135 1731 1220; x_wconf 89' lang='lat' dir='ltr'><strong>peccant</strong></span> <span class='ocrx_word' id='word_1_306' title='bbox 1749 1128 1844 1202; x_wconf 87' lang='lat' dir='ltr'><strong>dolas</strong></span> <span class='ocrx_word' id='word_1_307' title='bbox 1864 1145 1883 1198; x_wconf 92' lang='lat' dir='ltr'><strong>a</strong></span> <span class='ocrx_word' id='word_1_308' title='bbox 1902 1127 1984 1200; x_wconf 91' lang='lat' dir='ltr'><strong>tuis.</strong></span> 
     </span>
    </p>

    <p class='ocr_par' dir='ltr' id='par_1_9' title="bbox 1366 1257 2197 2507">
     <span class='ocr_line' id='line_1_52' title="bbox 1422 1257 2192 1340; baseline -0.003 -10"><span class='ocrx_word' id='word_1_309' title='bbox 1422 1257 1485 1330; x_wconf 85' lang='lat'><strong>55.</strong></span> <span class='ocrx_word' id='word_1_310' title='bbox 1507 1257 1690 1330; x_wconf 85' lang='lat' dir='ltr'><strong>Etlactum</strong></span> <span class='ocrx_word' id='word_1_311' title='bbox 1709 1263 1870 1340; x_wconf 78' lang='lat' dir='ltr'><strong>osteum</strong></span> <span class='ocrx_word' id='word_1_312' title='bbox 1890 1271 2192 1330; x_wconf 81' lang='lat' dir='ltr'><strong>cousummassmn</strong></span> 
     </span>
     <span class='ocr_line' id='line_1_53' title="bbox 1367 1381 2194 1477; baseline -0.005 -19"><span class='ocrx_word' id='word_1_313' title='bbox 1367 1385 1464 1477; x_wconf 81' lang='lat' dir='ltr'><strong>loqui</strong></span> <span class='ocrx_word' id='word_1_314' title='bbox 1491 1384 1598 1458; x_wconf 86' lang='lat' dir='ltr'><strong>rerba</strong></span> <span class='ocrx_word' id='word_1_315' title='bbox 1616 1383 1784 1456; x_wconf 84' lang='lat' dir='ltr'><strong>emtionis</strong></span> <span class='ocrx_word' id='word_1_316' title='bbox 1801 1383 1917 1474; x_wconf 76' lang='lat' dir='ltr'><strong>buius,</strong></span> <span class='ocrx_word' id='word_1_317' title='bbox 1938 1382 2017 1456; x_wconf 89' lang='lat' dir='ltr'><strong>sedi</strong></span> <span class='ocrx_word' id='word_1_318' title='bbox 2036 1383 2087 1455; x_wconf 91' lang='lat' dir='ltr'><strong>ibi</strong></span> <span class='ocrx_word' id='word_1_319' title='bbox 2112 1381 2194 1454; x_wconf 89' lang='lat' dir='ltr'><strong>sub·</strong></span> 
     </span>
     <span class='ocr_line' id='line_1_54' title="bbox 1366 1509 2196 1602; baseline -0.002 -18"><span class='ocrx_word' id='word_1_320' title='bbox 1366 1518 1424 1584; x_wconf 92' lang='lat' dir='ltr'><strong>tus</strong></span> <span class='ocrx_word' id='word_1_321' title='bbox 1439 1510 1623 1594; x_wconf 73' lang='lat' dir='ltr'><strong>arborem</strong></span> <span class='ocrx_word' id='word_1_322' title='bbox 1653 1518 1692 1584; x_wconf 94' lang='lat' dir='ltr'><strong>ut</strong></span> <span class='ocrx_word' id='word_1_323' title='bbox 1719 1511 1976 1602; x_wconf 85' lang='lat' dir='ltr'><strong>requiescerem</strong></span> <span class='ocrx_word' id='word_1_324' title='bbox 2003 1509 2043 1582; x_wconf 93' lang='lat' dir='ltr'><strong>in</strong></span> <span class='ocrx_word' id='word_1_325' title='bbox 2070 1509 2196 1584; x_wconf 83' lang='lat' dir='ltr'><strong>umbra</strong></span> 
     </span>
     <span class='ocr_line' id='line_1_55' title="bbox 1366 1637 2195 1728; baseline 0 -19"><span class='ocrx_word' id='word_1_326' title='bbox 1366 1655 1542 1712; x_wconf 88' lang='lat' dir='ltr'><strong>ramorum</strong></span> <span class='ocrx_word' id='word_1_327' title='bbox 1570 1637 1658 1728; x_wconf 84' lang='lat' dir='ltr'><strong>ejus.</strong></span> <span class='ocrx_word' id='word_1_328' title='bbox 1678 1638 1720 1712; x_wconf 79' lang='lat' dir='ltr'><strong>tlt</strong></span> <span class='ocrx_word' id='word_1_329' title='bbox 1737 1637 1933 1710; x_wconf 89' lang='lat' dir='ltr'><strong>admirabar</strong></span> <span class='ocrx_word' id='word_1_330' title='bbox 1949 1645 1985 1711; x_wconf 92' lang='lat' dir='ltr'><strong>et</strong></span> <span class='ocrx_word' id='word_1_331' title='bbox 2007 1638 2195 1728; x_wconf 87' lang='lat' dir='ltr'><strong>stupebam</strong></span> 
     </span>
     <span class='ocr_line' id='line_1_56' title="bbox 1367 1765 2197 1857; baseline 0 -19"><span class='ocrx_word' id='word_1_332' title='bbox 1367 1773 1402 1838; x_wconf 92' lang='lat' dir='ltr'><strong>ct</strong></span> <span class='ocrx_word' id='word_1_333' title='bbox 1420 1766 1651 1857; x_wconf 78' lang='lat' dir='ltr'><strong>recogitabam</strong></span> <span class='ocrx_word' id='word_1_334' title='bbox 1679 1765 2002 1856; x_wconf 88' lang='lat' dir='ltr'><strong>incogitationibus</strong></span> <span class='ocrx_word' id='word_1_335' title='bbox 2031 1767 2125 1838; x_wconf 90' lang='lat' dir='ltr'><strong>meis</strong></span> <span class='ocrx_word' id='word_1_336' title='bbox 2154 1765 2197 1838; x_wconf 88' lang='lat' dir='ltr'><strong>dc</strong></span> 
     </span>
     <span class='ocr_line' id='line_1_57' title="bbox 1367 1890 2194 1983; baseline -0.002 -19"><span class='ocrx_word' id='word_1_337' title='bbox 1367 1890 1587 1965; x_wconf 90' lang='lat' dir='ltr'><strong>multitudiue</strong></span> <span class='ocrx_word' id='word_1_338' title='bbox 1612 1891 1788 1975; x_wconf 89' lang='lat' dir='ltr'><strong>bonitatis,</strong></span> <span class='ocrx_word' id='word_1_339' title='bbox 1814 1911 1919 1983; x_wconf 88' lang='lat' dir='ltr'><strong>quam</strong></span> <span class='ocrx_word' id='word_1_340' title='bbox 1946 1893 2194 1982; x_wconf 81' lang='lat' dir='ltr'><strong>rejeceruuta</strong></span> 
     </span>
     <span class='ocr_line' id='line_1_58' title="bbox 1367 2021 2197 2112; baseline 0 -18"><span class='ocrx_word' id='word_1_341' title='bbox 1367 2037 1407 2094; x_wconf 85' lang='lat' dir='ltr'><strong>se</strong></span> <span class='ocrx_word' id='word_1_342' title='bbox 1425 2025 1624 2112; x_wconf 89' lang='lat' dir='ltr'><strong>peccatores</strong></span> <span class='ocrx_word' id='word_1_343' title='bbox 1639 2021 1700 2112; x_wconf 86' lang='lat' dir='ltr'><strong>qui</strong></span> <span class='ocrx_word' id='word_1_344' title='bbox 1719 2025 1802 2094; x_wconf 94' lang='lat' dir='ltr'><strong>sont</strong></span> <span class='ocrx_word' id='word_1_345' title='bbox 1814 2037 1922 2110; x_wconf 86' lang='lat' dir='ltr'><strong>super</strong></span> <span class='ocrx_word' id='word_1_346' title='bbox 1940 2025 2084 2106; x_wconf 90' lang='lat' dir='ltr'><strong>terram,</strong></span> <span class='ocrx_word' id='word_1_347' title='bbox 2103 2021 2197 2094; x_wconf 83' lang='lat' dir='ltr'><strong>etde</strong></span> 
     </span>
     <span class='ocr_line' id='line_1_59' title="bbox 1367 2147 2194 2239; baseline 0.001 -20"><span class='ocrx_word' id='word_1_348' title='bbox 1367 2151 1540 2222; x_wconf 89' lang='lat' dir='ltr'><strong>tormento</strong></span> <span class='ocrx_word' id='word_1_349' title='bbox 1560 2149 1679 2228; x_wconf 87' lang='lat' dir='ltr'><strong>multo,</strong></span> <span class='ocrx_word' id='word_1_350' title='bbox 1700 2147 1797 2239; x_wconf 87' lang='lat' dir='ltr'><strong>quod</strong></span> <span class='ocrx_word' id='word_1_351' title='bbox 1817 2153 2091 2230; x_wconf 86' lang='lat' dir='ltr'><strong>contemserunt,</strong></span> <span class='ocrx_word' id='word_1_352' title='bbox 2116 2165 2194 2222; x_wconf 90' lang='lat' dir='ltr'><strong>cnm</strong></span> 
     </span>
     <span class='ocr_line' id='line_1_60' title="bbox 1369 2275 2195 2368; baseline 0 -20"><span class='ocrx_word' id='word_1_353' title='bbox 1369 2275 1499 2348; x_wconf 88' lang='lat' dir='ltr'><strong>scireut</strong></span> <span class='ocrx_word' id='word_1_354' title='bbox 1525 2275 1622 2366; x_wconf 85' lang='lat' dir='ltr'><strong>qood</strong></span> <span class='ocrx_word' id='word_1_355' title='bbox 1648 2281 1894 2367; x_wconf 86' lang='lat' dir='ltr'><strong>torquerentur</strong></span> <span class='ocrx_word' id='word_1_356' title='bbox 1921 2293 1964 2348; x_wconf 90' lang='lat' dir='ltr'><strong>eo</strong></span> <span class='ocrx_word' id='word_1_357' title='bbox 1993 2275 2093 2366; x_wconf 81' lang='lat' dir='ltr'><strong>quod</strong></span> <span class='ocrx_word' id='word_1_358' title='bbox 2113 2293 2195 2368; x_wconf 87' lang='lat' dir='ltr'><strong>pcc·</strong></span> 
     </span>
     <span class='ocr_line' id='line_1_61' title="bbox 1369 2403 2194 2507; baseline 0.001 -32"><span class='ocrx_word' id='word_1_359' title='bbox 1369 2407 1459 2475; x_wconf 88' lang='lat' dir='ltr'><strong>cant.</strong></span> <span class='ocrx_word' id='word_1_360' title='bbox 1478 2403 1618 2474; x_wconf 86' lang='lat' dir='ltr'><strong>Etcum</strong></span> <span class='ocrx_word' id='word_1_361' title='bbox 1637 2403 1703 2476; x_wconf 88' lang='lat' dir='ltr'><strong>ista</strong></span> <span class='ocrx_word' id='word_1_362' title='bbox 1721 2408 1756 2476; x_wconf 92' lang='lat' dir='ltr'><strong>et</strong></span> <span class='ocrx_word' id='word_1_363' title='bbox 1772 2403 1899 2476; x_wconf 89' lang='lat' dir='ltr'><strong>similia</strong></span> <span class='ocrx_word' id='word_1_364' title='bbox 1918 2403 1969 2507; x_wconf 80' lang='lat' dir='ltr'><strong>eis</strong></span> <span class='ocrx_word' id='word_1_365' title='bbox 1989 2404 2194 2494; x_wconf 87' lang='lat' dir='ltr'><strong>cogitarem,</strong></span> 
     </span>
    </p>
   </div>
   <div class='ocr_carea' id='block_1_8' title="bbox 1361 2529 2194 2620">
    <p class='ocr_par' dir='ltr' id='par_1_10' title="bbox 1361 2529 2194 2620">
     <span class='ocr_line' id='line_1_62' title="bbox 1361 2529 2194 2620; baseline -0.002 -16"><span class='ocrx_word' id='word_1_366' title='bbox 1361 2537 1403 2604; x_wconf 72' lang='lat' dir='ltr'><strong>&#39;ct</strong></span> <span class='ocrx_word' id='word_1_367' title='bbox 1430 2547 1511 2604; x_wconf 91' lang='lat' dir='ltr'><strong>ecce</strong></span> <span class='ocrx_word' id='word_1_368' title='bbox 1539 2531 1669 2603; x_wconf 87' lang='lat' dir='ltr'><strong>missus</strong></span> <span class='ocrx_word' id='word_1_369' title='bbox 1705 2529 1768 2602; x_wconf 72' lang='lat' dir='ltr'><strong>iub</strong></span> <span class='ocrx_word' id='word_1_370' title='bbox 1794 2529 1840 2602; x_wconf 91' lang='lat' dir='ltr'><strong>ad</strong></span> <span class='ocrx_word' id='word_1_371' title='bbox 1872 2547 1928 2603; x_wconf 87' lang='lat' dir='ltr'><strong>me</strong></span> <span class='ocrx_word' id='word_1_372' title='bbox 1964 2529 2100 2602; x_wconf 88' lang='lat' dir='ltr'><strong>ltamiel</strong></span> <span class='ocrx_word' id='word_1_373' title='bbox 2135 2531 2194 2620; x_wconf 82' lang='lat' dir='ltr'><strong>qui</strong></span> 
     </span>
    </p>
   </div>
   <div class='ocr_carea' id='block_1_9' title="bbox 1367 2657 2197 2869">
    <p class='ocr_par' dir='ltr' id='par_1_11' title="bbox 1367 2657 2197 2869">
     <span class='ocr_line' id='line_1_63' title="bbox 1367 2657 2196 2750; baseline 0.001 -21"><span class='ocrx_word' id='word_1_374' title='bbox 1367 2664 1504 2750; x_wconf 90' lang='lat' dir='ltr'><strong>praeest</strong></span> <span class='ocrx_word' id='word_1_375' title='bbox 1530 2657 1724 2731; x_wconf 81' lang='lat' dir='ltr'><strong>visionibus</strong></span> <span class='ocrx_word' id='word_1_376' title='bbox 1744 2659 1905 2742; x_wconf 86' lang='lat' dir='ltr'><strong>veritatis,</strong></span> <span class='ocrx_word' id='word_1_377' title='bbox 1926 2663 1962 2731; x_wconf 90' lang='lat' dir='ltr'><strong>et</strong></span> <span class='ocrx_word' id='word_1_378' title='bbox 1979 2659 2068 2732; x_wconf 84' lang='lat' dir='ltr'><strong>dixit</strong></span> <span class='ocrx_word' id='word_1_379' title='bbox 2094 2659 2196 2732; x_wconf 89' lang='lat' dir='ltr'><strong>mibi:</strong></span> 
     </span>
     <span class='ocr_line' id='line_1_64' title="bbox 1367 2783 2197 2869; baseline 0.002 -11"><span class='ocrx_word' id='word_1_380' title='bbox 1367 2785 1439 2858; x_wconf 85' lang='lat' dir='ltr'><strong>Gur</strong></span> <span class='ocrx_word' id='word_1_381' title='bbox 1452 2783 1635 2858; x_wconf 89' lang='lat' dir='ltr'><strong>conturbat</strong></span> <span class='ocrx_word' id='word_1_382' title='bbox 1653 2790 1686 2856; x_wconf 91' lang='lat' dir='ltr'><strong>te</strong></span> <span class='ocrx_word' id='word_1_383' title='bbox 1705 2791 1893 2868; x_wconf 91' lang='lat' dir='ltr'><strong>cortuum,</strong></span> <span class='ocrx_word' id='word_1_384' title='bbox 1913 2785 2116 2869; x_wconf 73' lang='lat' dir='ltr'><strong>deruebat</strong></span> <span class='ocrx_word' id='word_1_385' title='bbox 2135 2806 2197 2860; x_wconf 91' lang='lat' dir='ltr'><strong>cur</strong></span> 
     </span>
    </p>
   </div>
   <div class='ocr_carea' id='block_1_10' title="bbox 1329 2907 2195 3002">
    <p class='ocr_par' dir='ltr' id='par_1_12' title="bbox 1329 2907 2195 3002">
     <span class='ocr_line' id='line_1_65' title="bbox 1329 2907 2195 3002; baseline 0.005 -18"><span class='ocrx_word' id='word_1_386' title='bbox 1329 2933 1332 2942; x_wconf 53' lang='lat'>¹</span> <span class='ocrx_word' id='word_1_387' title='bbox 1368 2917 1565 2985; x_wconf 84' lang='lat' dir='ltr'><strong>commovet</strong></span> <span class='ocrx_word' id='word_1_388' title='bbox 1581 2919 1616 2984; x_wconf 89' lang='lat' dir='ltr'><strong>te</strong></span> <span class='ocrx_word' id='word_1_389' title='bbox 1635 2913 1796 3002; x_wconf 90' lang='lat' dir='ltr'><strong>cogitatio</strong></span> <span class='ocrx_word' id='word_1_390' title='bbox 1824 2915 1906 2984; x_wconf 79' lang='lat' dir='ltr'><strong>tuat</strong></span> <span class='ocrx_word' id='word_1_391' title='bbox 1933 2907 1970 2984; x_wconf 87' lang='lat' dir='ltr'><strong>Si</strong></span> <span class='ocrx_word' id='word_1_392' title='bbox 1997 2914 2195 2988; x_wconf 90' lang='lat' dir='ltr'><strong>enimcum</strong></span> 
     </span>
    </p>
   </div>
   <div class='ocr_carea' id='block_1_11' title="bbox 1366 3039 2282 4537">
    <p class='ocr_par' dir='ltr' id='par_1_13' title="bbox 1366 3039 2282 4537">
     <span class='ocr_line' id='line_1_66' title="bbox 1368 3039 2195 3130; baseline 0.005 -19"><span class='ocrx_word' id='word_1_393' title='bbox 1368 3039 1581 3112; x_wconf 88' lang='lat' dir='ltr'><strong>auditionem</strong></span> <span class='ocrx_word' id='word_1_394' title='bbox 1596 3039 1721 3112; x_wconf 88' lang='lat' dir='ltr'><strong>audisti</strong></span> <span class='ocrx_word' id='word_1_395' title='bbox 1741 3041 1753 3064; x_wconf 76' lang='lat'><strong><em>⁶</em></strong></span> <span class='ocrx_word' id='word_1_396' title='bbox 1773 3045 1906 3113; x_wconf 92' lang='lat' dir='ltr'><strong>tantum</strong></span> <span class='ocrx_word' id='word_1_397' title='bbox 1925 3039 1970 3113; x_wconf 90' lang='lat' dir='ltr'><strong>de</strong></span> <span class='ocrx_word' id='word_1_398' title='bbox 1984 3039 2136 3130; x_wconf 88' lang='lat' dir='ltr'><strong>jndicio,</strong></span> <span class='ocrx_word' id='word_1_399' title='bbox 2152 3043 2195 3115; x_wconf 87' lang='lat' dir='ltr'><strong>ita</strong></span> 
     </span>
     <span class='ocr_line' id='line_1_67' title="bbox 1368 3167 2195 3259; baseline 0.001 -16"><span class='ocrx_word' id='word_1_400' title='bbox 1368 3175 1565 3243; x_wconf 92' lang='lat' dir='ltr'><strong>commotus</strong></span> <span class='ocrx_word' id='word_1_401' title='bbox 1584 3185 1634 3246; x_wconf 87' lang='lat' dir='ltr'><strong>es,</strong></span> <span class='ocrx_word' id='word_1_402' title='bbox 1655 3167 1740 3259; x_wconf 85' lang='lat' dir='ltr'><strong>qnid</strong></span> <span class='ocrx_word' id='word_1_403' title='bbox 1755 3185 1835 3242; x_wconf 93' lang='lat' dir='ltr'><strong>cum</strong></span> <span class='ocrx_word' id='word_1_404' title='bbox 1853 3167 1989 3244; x_wconf 87' lang='lat' dir='ltr'><strong>ridebis</strong></span> <span class='ocrx_word' id='word_1_405' title='bbox 2009 3188 2095 3243; x_wconf 90' lang='lat' dir='ltr'><strong>eum</strong></span> <span class='ocrx_word' id='word_1_406' title='bbox 2116 3189 2195 3244; x_wconf 91' lang='lat' dir='ltr'><strong>ocu·</strong></span> 
     </span>
     <span class='ocr_line' id='line_1_68' title="bbox 1368 3295 2194 3389; baseline 0.001 -19"><span class='ocrx_word' id='word_1_407' title='bbox 1368 3297 1412 3370; x_wconf 92' lang='lat' dir='ltr'><strong>lis</strong></span> <span class='ocrx_word' id='word_1_408' title='bbox 1431 3297 1499 3370; x_wconf 92' lang='lat' dir='ltr'><strong>tuis</strong></span> <span class='ocrx_word' id='word_1_409' title='bbox 1519 3295 1726 3370; x_wconf 79' lang='lat' dir='ltr'><strong>manifestet</strong></span> <span class='ocrx_word' id='word_1_410' title='bbox 1753 3297 1852 3368; x_wconf 82' lang='lat' dir='ltr'><strong>Etsi</strong></span> <span class='ocrx_word' id='word_1_411' title='bbox 1879 3315 1924 3369; x_wconf 80' lang='lat' dir='ltr'><strong>ex</strong></span> <span class='ocrx_word' id='word_1_412' title='bbox 1951 3299 2194 3389; x_wconf 84' lang='lat' dir='ltr'><strong>expectatione</strong></span> 
     </span>
     <span class='ocr_line' id='line_1_69' title="bbox 1369 3422 2193 3514; baseline 0.002 -18"><span class='ocrx_word' id='word_1_413' title='bbox 1369 3441 1437 3514; x_wconf 85' lang='lat' dir='ltr'><strong>qua</strong></span> <span class='ocrx_word' id='word_1_414' title='bbox 1465 3427 1625 3513; x_wconf 81' lang='lat' dir='ltr'><strong>expectas</strong></span> <span class='ocrx_word' id='word_1_415' title='bbox 1653 3422 1745 3496; x_wconf 77' lang='lat' dir='ltr'><strong>dem</strong></span> <span class='ocrx_word' id='word_1_416' title='bbox 1772 3423 1897 3506; x_wconf 78' lang='lat' dir='ltr'><strong>Fortis,</strong></span> <span class='ocrx_word' id='word_1_417' title='bbox 1926 3425 1973 3498; x_wconf 92' lang='lat' dir='ltr'><strong>ita</strong></span> <span class='ocrx_word' id='word_1_418' title='bbox 1996 3424 2193 3500; x_wconf 84' lang='lat' dir='ltr'><strong>dissolutus</strong></span> 
     </span>
     <span class='ocr_line' id='line_1_70' title="bbox 1369 3550 2282 3642; baseline 0.002 -18"><span class='ocrx_word' id='word_1_419' title='bbox 1369 3570 1420 3634; x_wconf 93' lang='lat' dir='ltr'><strong>es,</strong></span> <span class='ocrx_word' id='word_1_420' title='bbox 1450 3550 1535 3642; x_wconf 85' lang='lat' dir='ltr'><strong>qnid</strong></span> <span class='ocrx_word' id='word_1_421' title='bbox 1562 3567 1642 3622; x_wconf 93' lang='lat' dir='ltr'><strong>cnm</strong></span> <span class='ocrx_word' id='word_1_422' title='bbox 1669 3551 1905 3642; x_wconf 89' lang='lat' dir='ltr'><strong>progredieris</strong></span> <span class='ocrx_word' id='word_1_423' title='bbox 1932 3551 1978 3624; x_wconf 91' lang='lat' dir='ltr'><strong>ad</strong></span> <span class='ocrx_word' id='word_1_424' title='bbox 2004 3551 2194 3628; x_wconf 82' lang='lat' dir='ltr'><strong>adrentum</strong></span> <span class='ocrx_word' id='word_1_425' title='bbox 2281 3561 2282 3588; x_wconf 59' lang='lat'>³</span> 
     </span>
     <span class='ocr_line' id='line_1_71' title="bbox 1367 3677 2193 3768; baseline 0.002 -16"><span class='ocrx_word' id='word_1_426' title='bbox 1367 3678 1477 3768; x_wconf 83' lang='lat' dir='ltr'><strong>ejns‘l</strong></span> <span class='ocrx_word' id='word_1_427' title='bbox 1512 3677 1611 3752; x_wconf 81' lang='lat' dir='ltr'><strong>Etsi</strong></span> <span class='ocrx_word' id='word_1_428' title='bbox 1640 3677 1856 3752; x_wconf 85' lang='lat' dir='ltr'><strong>adverbum</strong></span> <span class='ocrx_word' id='word_1_429' title='bbox 1884 3681 1996 3754; x_wconf 91' lang='lat' dir='ltr'><strong>nuntii</strong></span> <span class='ocrx_word' id='word_1_430' title='bbox 2029 3683 2193 3756; x_wconf 88' lang='lat' dir='ltr'><strong>tormenti</strong></span> 
     </span>
     <span class='ocr_line' id='line_1_72' title="bbox 1369 3807 2193 3898; baseline 0.007 -19"><span class='ocrx_word' id='word_1_431' title='bbox 1369 3823 1502 3890; x_wconf 88' lang='lat' dir='ltr'><strong>eorum,</strong></span> <span class='ocrx_word' id='word_1_432' title='bbox 1522 3807 1583 3898; x_wconf 84' lang='lat' dir='ltr'><strong>qui</strong></span> <span class='ocrx_word' id='word_1_433' title='bbox 1600 3807 1805 3898; x_wconf 91' lang='lat' dir='ltr'><strong>insipientes</strong></span> <span class='ocrx_word' id='word_1_434' title='bbox 1823 3807 1973 3892; x_wconf 83' lang='lat' dir='ltr'><strong>ruerunt,</strong></span> <span class='ocrx_word' id='word_1_435' title='bbox 1994 3808 2064 3882; x_wconf 91' lang='lat' dir='ltr'><strong>boc</strong></span> <span class='ocrx_word' id='word_1_436' title='bbox 2083 3817 2193 3884; x_wconf 90' lang='lat' dir='ltr'><strong>totum</strong></span> 
     </span>
     <span class='ocr_line' id='line_1_73' title="bbox 1366 3933 2192 4028; baseline 0.002 -20"><span class='ocrx_word' id='word_1_437' title='bbox 1366 3933 1526 4008; x_wconf 91' lang='lat' dir='ltr'><strong>turbatus</strong></span> <span class='ocrx_word' id='word_1_438' title='bbox 1554 3953 1604 4017; x_wconf 92' lang='lat' dir='ltr'><strong>es,</strong></span> <span class='ocrx_word' id='word_1_439' title='bbox 1619 3941 1756 4026; x_wconf 78' lang='lat' dir='ltr'><strong>¹quanto</strong></span> <span class='ocrx_word' id='word_1_440' title='bbox 1775 3937 1884 4027; x_wconf 89' lang='lat' dir='ltr'><strong>magis</strong></span> <span class='ocrx_word' id='word_1_441' title='bbox 1904 3933 2045 4026; x_wconf 86' lang='lat' dir='ltr'><strong>quando</strong></span> <span class='ocrx_word' id='word_1_442' title='bbox 2075 3939 2192 4028; x_wconf 91' lang='lat' dir='ltr'><strong>ipsum</strong></span> 
     </span>
     <span class='ocr_line' id='line_1_74' title="bbox 1367 4061 2194 4140; baseline 0.01 -8"><span class='ocrx_word' id='word_1_443' title='bbox 1367 4061 1495 4134; x_wconf 89' lang='lat' dir='ltr'><strong>tactum</strong></span> <span class='ocrx_word' id='word_1_444' title='bbox 1522 4061 1688 4135; x_wconf 83' lang='lat' dir='ltr'><strong>revelabit</strong></span> <span class='ocrx_word' id='word_1_445' title='bbox 1705 4061 1900 4136; x_wconf 72' lang='lat' dir='ltr'><strong>mirabilia?</strong></span> <span class='ocrx_word' id='word_1_446' title='bbox 1926 4063 1968 4136; x_wconf 84' lang='lat' dir='ltr'><strong>lit</strong></span> <span class='ocrx_word' id='word_1_447' title='bbox 1994 4065 2026 4137; x_wconf 89' lang='lat' dir='ltr'><strong>si</strong></span> <span class='ocrx_word' id='word_1_448' title='bbox 2046 4065 2194 4140; x_wconf 82' lang='lat' dir='ltr'><strong>auditio</strong></span> 
     </span>
     <span class='ocr_line' id='line_1_75' title="bbox 1368 4188 2194 4283; baseline 0.006 -22"><span class='ocrx_word' id='word_1_449' title='bbox 1368 4207 1432 4262; x_wconf 90' lang='lat' dir='ltr'><strong>nes</strong></span> <span class='ocrx_word' id='word_1_450' title='bbox 1458 4188 1632 4264; x_wconf 91' lang='lat' dir='ltr'><strong>bonorum</strong></span> <span class='ocrx_word' id='word_1_451' title='bbox 1660 4191 1902 4274; x_wconf 89' lang='lat' dir='ltr'><strong>etmalorum,</strong></span> <span class='ocrx_word' id='word_1_452' title='bbox 1933 4209 2023 4283; x_wconf 83' lang='lat' dir='ltr'><strong>quae</strong></span> <span class='ocrx_word' id='word_1_453' title='bbox 2051 4195 2194 4268; x_wconf 88' lang='lat' dir='ltr'><strong>venient</strong></span> 
     </span>
     <span class='ocr_line' id='line_1_76' title="bbox 1367 4311 2194 4412; baseline 0.005 -22"><span class='ocrx_word' id='word_1_454' title='bbox 1367 4324 1474 4402; x_wconf 92' lang='lat' dir='ltr'><strong>tnnc,</strong></span> <span class='ocrx_word' id='word_1_455' title='bbox 1503 4311 1665 4392; x_wconf 82' lang='lat' dir='ltr'><strong>audivisti</strong></span> <span class='ocrx_word' id='word_1_456' title='bbox 1692 4324 1726 4392; x_wconf 90' lang='lat' dir='ltr'><strong>ct</strong></span> <span class='ocrx_word' id='word_1_457' title='bbox 1762 4319 1976 4410; x_wconf 88' lang='lat' dir='ltr'><strong>augustiatus</strong></span> <span class='ocrx_word' id='word_1_458' title='bbox 2008 4339 2076 4404; x_wconf 90' lang='lat' dir='ltr'><strong>es,</strong></span> <span class='ocrx_word' id='word_1_459' title='bbox 2107 4321 2194 4412; x_wconf 83' lang='lat' dir='ltr'><strong>quid</strong></span> 
     </span>
     <span class='ocr_line' id='line_1_77' title="bbox 1367 4445 2191 4537; baseline 0.007 -20"><span class='ocrx_word' id='word_1_460' title='bbox 1367 4463 1447 4517; x_wconf 91' lang='lat' dir='ltr'><strong>cnm</strong></span> <span class='ocrx_word' id='word_1_461' title='bbox 1488 4445 1623 4518; x_wconf 87' lang='lat' dir='ltr'><strong>ridebis</strong></span> <span class='ocrx_word' id='word_1_462' title='bbox 1665 4445 1760 4537; x_wconf 84' lang='lat' dir='ltr'><strong>quod</strong></span> <span class='ocrx_word' id='word_1_463' title='bbox 1795 4445 1962 4520; x_wconf 87' lang='lat' dir='ltr'><strong>revelabit</strong></span> <span class='ocrx_word' id='word_1_464' title='bbox 2002 4447 2191 4536; x_wconf 85' lang='lat' dir='ltr'><strong>majestas,</strong></span> 
     </span>
    </p>
   </div>
   <div class='ocr_carea' id='block_1_12' title="bbox 1350 4557 2282 4665">
    <p class='ocr_par' dir='ltr' id='par_1_14' title="bbox 1350 4557 2282 4665">
     <span class='ocr_line' id='line_1_78' title="bbox 1350 4557 2282 4665; baseline 0.002 -21"><span class='ocrx_word' id='word_1_465' title='bbox 1350 4571 1463 4663; x_wconf 68' lang='lat' dir='ltr'><strong>guod</strong></span> <span class='ocrx_word' id='word_1_466' title='bbox 1482 4571 1549 4646; x_wconf 89' lang='lat' dir='ltr'><strong>bos</strong></span> <span class='ocrx_word' id='word_1_467' title='bbox 1577 4573 1771 4665; x_wconf 89' lang='lat' dir='ltr'><strong>redarguet,</strong></span> <span class='ocrx_word' id='word_1_468' title='bbox 1802 4580 1835 4647; x_wconf 88' lang='lat' dir='ltr'><strong>et</strong></span> <span class='ocrx_word' id='word_1_469' title='bbox 1863 4574 1941 4648; x_wconf 93' lang='lat' dir='ltr'><strong>illos</strong></span> <span class='ocrx_word' id='word_1_470' title='bbox 1968 4573 2192 4650; x_wconf 71' lang='lat' dir='ltr'><strong>laetificabit?</strong></span> <span class='ocrx_word' id='word_1_471' title='bbox 2280 4557 2282 4562; x_wconf 68' lang='grc'><strong>’</strong></span> 
     </span>
    </p>
   </div>
   <div class='ocr_carea' id='block_1_13' title="bbox 1363 4697 2191 5558">
    <p class='ocr_par' dir='ltr' id='par_1_15' title="bbox 1363 4697 2191 5558">
     <span class='ocr_line' id='line_1_79' title="bbox 1422 4697 2191 4793; baseline 0.012 -23"><span class='ocrx_word' id='word_1_472' title='bbox 1422 4697 1483 4772; x_wconf 83' lang='grc'><strong>56.</strong></span> <span class='ocrx_word' id='word_1_473' title='bbox 1504 4699 1738 4774; x_wconf 87' lang='lat' dir='ltr'><strong>Veruntamen</strong></span> <span class='ocrx_word' id='word_1_474' title='bbox 1757 4703 1838 4793; x_wconf 83' lang='lat' dir='ltr'><strong>quia</strong></span> <span class='ocrx_word' id='word_1_475' title='bbox 1864 4701 2048 4792; x_wconf 90' lang='lat' dir='ltr'><strong>postulasti</strong></span> <span class='ocrx_word' id='word_1_476' title='bbox 2068 4703 2113 4776; x_wconf 92' lang='lat' dir='ltr'><strong>ab</strong></span> <span class='ocrx_word' id='word_1_477' title='bbox 2131 4705 2191 4778; x_wconf 77' lang='lat' dir='ltr'><strong>nt·</strong></span> 
     </span>
     <span class='ocr_line' id='line_1_80' title="bbox 1367 4825 2190 4920; baseline 0.009 -22"><span class='ocrx_word' id='word_1_478' title='bbox 1367 4825 1512 4910; x_wconf 90' lang='lat' dir='ltr'><strong>tissimo,</strong></span> <span class='ocrx_word' id='word_1_479' title='bbox 1536 4833 1575 4900; x_wconf 89' lang='lat' dir='ltr'><strong>ut</strong></span> <span class='ocrx_word' id='word_1_480' title='bbox 1602 4829 1769 4902; x_wconf 81' lang='lat' dir='ltr'><strong>revelaret</strong></span> <span class='ocrx_word' id='word_1_481' title='bbox 1787 4827 1849 4902; x_wconf 89' lang='lat' dir='ltr'><strong>tibi</strong></span> <span class='ocrx_word' id='word_1_482' title='bbox 1868 4829 2190 4920; x_wconf 89' lang='lat' dir='ltr'><strong>interpretationem</strong></span> 
     </span>
     <span class='ocr_line' id='line_1_81' title="bbox 1366 4952 2190 5051; baseline 0.008 -28"><span class='ocrx_word' id='word_1_483' title='bbox 1366 4952 1511 5026; x_wconf 86' lang='lat' dir='ltr'><strong>visionis</strong></span> <span class='ocrx_word' id='word_1_484' title='bbox 1531 4972 1634 5045; x_wconf 87' lang='lat' dir='ltr'><strong>quam</strong></span> <span class='ocrx_word' id='word_1_485' title='bbox 1654 4954 1782 5038; x_wconf 88' lang='lat' dir='ltr'><strong>vidisti,</strong></span> <span class='ocrx_word' id='word_1_486' title='bbox 1804 4956 1934 5030; x_wconf 87' lang='lat' dir='ltr'><strong>missus</strong></span> <span class='ocrx_word' id='word_1_487' title='bbox 1953 4975 2032 5030; x_wconf 90' lang='lat' dir='ltr'><strong>sum</strong></span> <span class='ocrx_word' id='word_1_488' title='bbox 2061 4977 2128 5051; x_wconf 89' lang='lat' dir='ltr'><strong>ego</strong></span> <span class='ocrx_word' id='word_1_489' title='bbox 2151 4965 2190 5032; x_wconf 92' lang='lat' dir='ltr'><strong>ut</strong></span> 
     </span>
     <span class='ocr_line' id='line_1_82' title="bbox 1365 5080 2189 5169; baseline 0.005 -15"><span class='ocrx_word' id='word_1_490' title='bbox 1365 5080 1479 5154; x_wconf 90' lang='lat' dir='ltr'><strong>dicam</strong></span> <span class='ocrx_word' id='word_1_491' title='bbox 1511 5081 1585 5155; x_wconf 92' lang='lat' dir='ltr'><strong>tibi.</strong></span> <span class='ocrx_word' id='word_1_492' title='bbox 1614 5083 1702 5169; x_wconf 85' lang='lat' dir='ltr'><strong>Quia</strong></span> <span class='ocrx_word' id='word_1_493' title='bbox 1728 5083 1888 5158; x_wconf 90' lang='lat' dir='ltr'><strong>indicans</strong></span> <span class='ocrx_word' id='word_1_494' title='bbox 1923 5083 2089 5158; x_wconf 83' lang='lat' dir='ltr'><strong>indicavit</strong></span> <span class='ocrx_word' id='word_1_495' title='bbox 2127 5085 2189 5158; x_wconf 92' lang='lat' dir='ltr'><strong>tibi</strong></span> 
     </span>
     <span class='ocr_line' id='line_1_83' title="bbox 1364 5209 2190 5303; baseline 0.006 -22"><span class='ocrx_word' id='word_1_496' title='bbox 1364 5209 1476 5282; x_wconf 78' lang='lat' dir='ltr'><strong>Fortis</strong></span> <span class='ocrx_word' id='word_1_497' title='bbox 1494 5211 1645 5284; x_wconf 88' lang='lat' dir='ltr'><strong>rationes</strong></span> <span class='ocrx_word' id='word_1_498' title='bbox 1664 5217 1859 5302; x_wconf 89' lang='lat' dir='ltr'><strong>temporum</strong></span> <span class='ocrx_word' id='word_1_499' title='bbox 1887 5229 1977 5303; x_wconf 86' lang='lat' dir='ltr'><strong>quae</strong></span> <span class='ocrx_word' id='word_1_500' title='bbox 2005 5213 2190 5302; x_wconf 83' lang='lat' dir='ltr'><strong>praeterie</strong></span> 
     </span>
     <span class='ocr_line' id='line_1_84' title="bbox 1365 5335 2189 5429; baseline 0.004 -22"><span class='ocrx_word' id='word_1_501' title='bbox 1365 5335 1512 5420; x_wconf 82' lang='lat' dir='ltr'><strong>rontet</strong></span> <span class='ocrx_word' id='word_1_502' title='bbox 1538 5355 1628 5428; x_wconf 86' lang='lat' dir='ltr'><strong>quae</strong></span> <span class='ocrx_word' id='word_1_503' title='bbox 1646 5337 1800 5410; x_wconf 90' lang='lat' dir='ltr'><strong>lotorum</strong></span> <span class='ocrx_word' id='word_1_504' title='bbox 1825 5343 1880 5412; x_wconf 91' lang='lat' dir='ltr'><strong>est</strong></span> <span class='ocrx_word' id='word_1_505' title='bbox 1905 5345 1944 5412; x_wconf 90' lang='lat' dir='ltr'><strong>ot</strong></span> <span class='ocrx_word' id='word_1_506' title='bbox 1969 5345 2189 5429; x_wconf 86' lang='lat' dir='ltr'><strong>praetereant</strong></span> 
     </span>
     <span class='ocr_line' id='line_1_85' title="bbox 1363 5464 2185 5558; baseline 0.002 -20"><span class='ocrx_word' id='word_1_507' title='bbox 1363 5465 1400 5538; x_wconf 93' lang='lat' dir='ltr'><strong>in</strong></span> <span class='ocrx_word' id='word_1_508' title='bbox 1420 5464 1551 5540; x_wconf 89' lang='lat' dir='ltr'><strong>mundo</strong></span> <span class='ocrx_word' id='word_1_509' title='bbox 1570 5466 1645 5557; x_wconf 85' lang='lat' dir='ltr'><strong>ejus</strong></span> <span class='ocrx_word' id='word_1_510' title='bbox 1664 5465 1708 5538; x_wconf 93' lang='lat' dir='ltr'><strong>ab</strong></span> <span class='ocrx_word' id='word_1_511' title='bbox 1736 5465 1834 5539; x_wconf 90' lang='lat' dir='ltr'><strong>initio</strong></span> <span class='ocrx_word' id='word_1_512' title='bbox 1855 5471 2088 5540; x_wconf 89' lang='lat' dir='ltr'><strong>creaturarum</strong></span> <span class='ocrx_word' id='word_1_513' title='bbox 2109 5468 2185 5558; x_wconf 83' lang='lat' dir='ltr'><strong>ejus</strong></span> 
     </span>
    </p>
   </div>
   <div class='ocr_carea' id='block_1_14' title="bbox 1356 5593 2182 5694">
    <p class='ocr_par' dir='ltr' id='par_1_16' title="bbox 1356 5593 2182 5694">
     <span class='ocr_line' id='line_1_86' title="bbox 1356 5593 2182 5694; baseline 0.007 -32"><span class='ocrx_word' id='word_1_514' title='bbox 1356 5598 1399 5694; x_wconf 78' lang='lat' dir='ltr'><strong>et</strong></span> <span class='ocrx_word' id='word_1_515' title='bbox 1417 5609 1529 5683; x_wconf 85' lang='lat' dir='ltr'><strong>usquc</strong></span> <span class='ocrx_word' id='word_1_516' title='bbox 1548 5593 1592 5666; x_wconf 89' lang='lat' dir='ltr'><strong>ad</strong></span> <span class='ocrx_word' id='word_1_517' title='bbox 1606 5595 1941 5668; x_wconf 84' lang='lat' dir='ltr'><strong>consummationem</strong></span> <span class='ocrx_word' id='word_1_518' title='bbox 1957 5593 2046 5684; x_wconf 86' lang='lat' dir='ltr'><strong>ojus,</strong></span> <span class='ocrx_word' id='word_1_519' title='bbox 2063 5613 2182 5668; x_wconf 88' lang='lat' dir='ltr'><strong>eornm</strong></span> 
     </span>
    </p>
   </div>
   <div class='ocr_carea' id='block_1_15' title="bbox 1364 5720 2182 5816">
    <p class='ocr_par' dir='ltr' id='par_1_17' title="bbox 1364 5720 2182 5816">
     <span class='ocr_line' id='line_1_87' title="bbox 1364 5720 2182 5816; baseline 0.001 -24"><span class='ocrx_word' id='word_1_520' title='bbox 1364 5737 1453 5811; x_wconf 89' lang='lat' dir='ltr'><strong>quae</strong></span> <span class='ocrx_word' id='word_1_521' title='bbox 1472 5720 1508 5794; x_wconf 91' lang='lat' dir='ltr'><strong>io</strong></span> <span class='ocrx_word' id='word_1_522' title='bbox 1527 5721 1658 5806; x_wconf 78' lang='lat' dir='ltr'><strong>frande,</strong></span> <span class='ocrx_word' id='word_1_523' title='bbox 1680 5727 1715 5796; x_wconf 91' lang='lat' dir='ltr'><strong>ot</strong></span> <span class='ocrx_word' id='word_1_524' title='bbox 1733 5739 1854 5798; x_wconf 90' lang='lat' dir='ltr'><strong>eorum</strong></span> <span class='ocrx_word' id='word_1_525' title='bbox 1873 5739 1962 5816; x_wconf 85' lang='lat' dir='ltr'><strong>quae</strong></span> <span class='ocrx_word' id='word_1_526' title='bbox 1977 5721 2015 5796; x_wconf 90' lang='lat' dir='ltr'><strong>iu</strong></span> <span class='ocrx_word' id='word_1_527' title='bbox 2030 5723 2182 5798; x_wconf 72' lang='lat' dir='ltr'><strong>veritus</strong></span> 
     </span>
    </p>
   </div>
   <div class='ocr_carea' id='block_1_16' title="bbox 0 0 2302 6452">
    <p class='ocr_par' dir='ltr' id='par_1_18' title="bbox 0 0 2302 6452">
     <span class='ocr_line' id='line_1_88' title="bbox 0 0 2302 6452; baseline 0 1"><span class='ocrx_word' id='word_1_528' title='bbox 0 0 2302 6452; x_wconf 95' lang='lat' dir='ltr'><strong> </strong></span> 
     </span>
    </p>
   </div>
  </div>
 </body>
</html>
