4744 6424
977 283 1167 330 -vll-

201 484 361 554 Codicum
378 481 564 566 versionis,
590 483 631 553 ad
651 501 734 570 quas
749 485 848 556 etiam
866 487 1023 558 silvestre

200 599 243 667 de
268 599 362 682 sacy,
378 595 441 664 loc.
467 596 533 680 cit,
550 598 770 682 provocabat,
804 606 874 668 tum
898 601 1022 670 Barhe-

198 712 332 780 braeus.
358 712 448 791 Quae
471 709 594 778 Masius
606 710 719 792 habet,
744 711 837 778 attuli
863 731 894 780 n.
912 715 944 795 3,
966 714 1022 782 ubi

198 823 471 892 habenturetiam
484 823 663 892 nonnullae
680 824 949 910 subscriptiones
961 828 1024 894 Co-

198 933 519 1005 dicumParisiensis
543 935 814 1018 etamhroslani,
839 937 926 1006 inter
941 957 1022 1024 quas

196 1051 254 1119 illa
270 1047 509 1118 consideranda
525 1047 567 1116 ad
583 1048 769 1132 Danielem,
786 1050 818 1118 in
836 1068 911 1136 qua,
927 1069 1024 1120 usur-

167 1169 275 1250 ‘pata
307 1161 422 1230 eadem
450 1176 530 1226 voce
558 1163 669 1220 ω
701 1161 809 1244 vertit,
841 1165 1023 1250 opponitur

197 1273 407 1360 apertissime
431 1271 582 1340 versioni
607 1273 749 1340 Graecae
772 1275 859 1344 hllx
889 1293 930 1344 ex
955 1281 1020 1346 lle-

197 1387 300 1456 braeo
325 1385 441 1454 versio
466 1383 596 1469 syriaca
629 1401 648 1452 e
672 1386 797 1454 Graeco
815 1390 909 1458 Lxx.
931 1391 1021 1470 Quae

199 1500 469 1585 Subscriptiones
493 1515 534 1567 eo
559 1515 691 1584 quoque
722 1517 741 1568 e
773 1499 870 1570 titulo
902 1509 1021 1570 notan-

198 1615 270 1697 dae,
295 1615 386 1701 quod
409 1629 532 1680 annum
552 1611 748 1682 exhibentes
765 1615 934 1684 versionis
950 1617 1023 1686 nul-

196 1728 266 1796 lum
291 1725 430 1794 dubium
457 1723 668 1809 relinquunt,
698 1741 740 1794 ne
764 1743 783 1794 e
810 1727 1023 1811 praecedenti

197 1838 371 1925 supposita
389 1837 549 1906 versione
572 1835 686 1903 relicta
710 1836 744 1904 in
768 1855 841 1905 eam
857 1838 950 1906 Pauli
974 1839 1023 1906 in-

196 1953 316 2022 ductae
333 1949 522 2016 credantur.
540 1947 663 2016 Eadem
680 1949 816 2018 omnino
833 1949 961 2018 ratione
984 1963 1039 2018 ac'

197 2064 436 2150 praecedentes
457 2059 727 2144 subscriptiones
752 2062 862 2148 (ci.·n.
887 2063 938 2146 3),
963 2063 1022 2132 sed

197 2175 270 2244 sine
293 2165 399 2254 anno,
428 2173 469 2239 ad
493 2170 670 2240 Proverbia
702 2172 856 2242 habetur:
881 2173 1021 2242 Adnota-

197 2299 263 2355 tom
285 2298 353 2354 erat
375 2285 410 2352 ia
433 2283 512 2350 libro
537 2283 667 2364 Gracco,
693 2305 735 2352 ec
758 2305 817 2371 quo
837 2304 943 2354 uersus
962 2288 1022 2372 {uit

197 2382 657 2483 melensps‘comhher
667 2398 1021 2468 isteProoerbiomm...

198 2511 288 2579 idem
312 2510 445 2592 iisdem,
469 2509 520 2579 rel
544 2509 625 2592 iere,
649 2494 758 2580 verbis
779 2511 958 2595 apponitur
981 2511 1022 2579 ad
1065 2583 1069 2592 ,

199 2623 435 2706 Ecclesiasten,
460 2623 502 2692 ad
526 2623 698 2692 Canticum
723 2623 863 2705 dantis,
887 2623 928 2690 ad
956 2625 1020 2690 lla-

198 2738 330 2820 nielem,
349 2739 427 2821 Cap.
444 2737 513 2804 ΧΗ.
538 2735 588 2805 td
605 2739 647 2806 lv
660 2739 736 2820 hep.
750 2751 884 2820 quoque
908 2735 941 2802 in
964 2737 1022 2802 Pa·

197 2859 329 2930 risiensi
353 2857 450 2927 tertia
475 2855 683 2943 Subscriptio
704 2855 835 2942 incipit:
859 2839 1020 2932 bassati

198 2999 361 3126 4)ωῆζῖ
395 2993 508 3084 ἆυ»)
543 2989 762 3089 ‚leS-s‘oq
791 2996 907 3086 wip
934 2996 1021 3086 {poro

199 3157 445 3248 ...λι-υἱώ
462 3155 561 3246 Lusa
575 3181 640 3260 (ἕο
653 3171 840 3256 Desumptrrs
854 3167 915 3256 [trit
930 3167 1025 3234 etium

196 3307 247 3374 bic
272 3308 409 3386 Quereris
431 3307 624 3390 lismonam,
648 3323 691 3370 ear
713 3322 773 3390 qno
796 3320 904 3370 serem
925 3301 1025 3386 {reite

198 3421 318 3486 Graeco
333 3418 369 3484 io
383 3418 566 3505 Sychem,
584 3423 646 3484 etc.
672 3417 707 3482 ln
732 3433 795 3500 qua
820 3415 917 3482 subs.
935 3413 1025 3481 velut

196 3533 284 3600 inter
329 3529 548 3616 parentheses
579 3527 779 3596 sumendum
812 3543 941 3595 comma
969 3543 1023 3594 se-

198 3645 362 3726 cuudum,
390 3649 424 3710 et
452 3659 493 3710 ex
522 3626 610 3716 hmo
636 3642 714 3727 (και
745 3611 850 3718 dtt‘t'lt
880 3639 931 3707 rel
960 3644 1023 3700 και

190 3733 326 3841 lollio)
365 3755 591 3840 supplendum
630 3753 664 3820 in
699 3751 888 3836 archetypo
923 3750 1024 3836 hujus

197 3867 478 3952 subscriptionis,
514 3883 598 3952 quae
631 3871 683 3935 est
715 3883 734 3932 a
765 3867 892 3934 Graeco
928 3880 1022 3932 versa

199 3981 260 4066 (cl.
277 3981 372 4062 inira,
393 3999 426 4048 n.
444 3981 499 4064 e),
522 3984 665 4064 excepto
682 3977 830 4048 secundo
847 3983 1023 4058 commate,

171 4175 174 4182 ¹
199 4111 304 4162 unum
324 4111 366 4160 ex
385 4089 575 4160 nominibus
600 4091 852 4188 alroppurpol,
869 4067 1024 4176 Ἱευχος,

195 4179 367 4288 sstssbtotq
379 4179 536 4286 βίβλθζ,
556 4207 677 4292 quibus
701 4213 845 4275 utuntur.
857 4205 973 4273 Graeci
990 4203 1023 4272 in

200 4315 500 4402 subscriptionibus
524 4325 658 4386 nostrae
675 4319 856 4404 parallelis:
881 4319 921 4387 cl.
946 4317 1024 4388 sub

200 4429 312 4514 script.
339 4429 470 4496 Codicis
495 4429 874 4517 Tricorios-Augustani
898 4433 931 4500 in
961 4434 1022 4498 vet.

205 4545 281 4610 Test.
292 4542 361 4620 Gr,
378 4541 425 4608 ed.
443 4541 655 4628 Tiscitertdorf,
671 4543 728 4609 lid.
741 4545 786 4623 ll,
807 4543 912 4640 Prodi,
923 4563 955 4628 p.
970 4545 1023 4610 79.

246 4657 312 4722 llas
336 4669 414 4720 sero
431 4652 702 4738 subscriptiones
719 4671 835 4742 omnes
848 4655 1024 4722 maximam

202 4753 312 4834 lucem
342 4765 508 4852 accipiunt
538 4767 579 4834 ab
607 4765 661 4848 iis,
695 4784 779 4852 quae
810 4774 1025 4853 apponuntur

203 4879 397 4950 liecensioni
418 4877 673 4947 Philoxenianae
694 4897 754 4964 per
770 4879 929 4948 Thomam
945 4881 1023 4946 llar-

202 4990 356 5058 klensem
368 4991 492 5075 (hdler,
507 4991 588 5058 vers.
606 4992 687 5077 spr,
705 4995 748 5060 45
765 4998 799 5058 et
810 4990 899 5076 apud
915 4989 1022 5074 alios),

203 5108 236 5170 et
259 5101 366 5170 Libris
390 5103 578 5170 reformatis
602 5119 643 5170 ex
666 5103 883 5172 versionibus
912 5101 1022 5187 Syria-

202 5214 249 5282 cis
261 5232 303 5282 ex
319 5215 469 5282 llebraeo
486 5219 520 5280 et
530 5214 655 5282 Graeco
671 5231 733 5298 per
746 5213 906 5282 Jacobum
921 5212 1024 5280 Edes

201 5343 320 5395 senum
335 5326 486 5411 (Jorrucl
505 5325 558 5392 des
579 5326 717 5411 Quone
734 5328 833 5408 4765,
854 5343 885 5412 p.
903 5327 973 5394 ore
988 5331 1022 5392 et

202 5458 284 5526 seq,
295 5441 423 5526 Rogati,
435 5439 560 5520 Daniel,
578 5455 610 5524 p.
627 5440 682 5520 xl,
700 5438 857 5506 Silvestre
869 5439 911 5507 de
928 5440 1022 5521 sacy,

203 5553 225 5635 l,
244 5571 284 5634 c,
303 5570 335 5636 p.
353 5553 421 5620 643
437 5557 471 5618 et
487 5569 590 5638 seqq,
607 5559 640 5619 et
656 5551 744 5637 apud
760 5551 869 5636 alios).
886 5553 923 5618 ln
936 5550 1023 5618 sub
1059 5594 1062 5602 ·

202 5663 382 5750 scriptione
405 5665 480 5734 adi
497 5667 616 5750 evang.
635 5665 777 5732 Thomas
793 5671 909 5732 nostro
922 5661 1025 5732 Paulo

204 5793 353 5860 seuerus,
377 5785 412 5846 et
435 5775 528 5864 operi
552 5775 746 5846 incumbens
769 5774 889 5842 eodem
911 5773 977 5842 line
993 5777 1026 5840 et

203 5887 236 5955 in
260 5889 378 5960 eodem
401 5890 477 5959 loco
501 5889 557 5973 ait,
582 5888 702 5956 librum
727 5891 747 5955 4
772 5886 1025 5972 Evangeliorum

1114 509 1238 558 uersum
1250 491 1346 578 [uiue
1364 478 1518 568 mhi
1535 489 1653 564 diebus
1669 500 1739 566 llar
1754 497 1937 584 Philoxeni,

1114 602 1259 668 collatum
1275 587 1426 676 mal
1444 621 1523 672 vero
1539 623 1556 672 a
1573 624 1610 674 se
1626 607 1667 675 ad
1685 613 1764 692 tres,
1780 610 1831 679 vel
1851 611 1937 680 duos

1116 713 1226 798 (Libri
1245 731 1325 782 mss.
1345 715 1552 804 discrepant)
1575 719 1713 792 Codices
1725 725 1879 792 Graecos.
1901 729 1937 794 ln

1117 827 1292 896 codicibus
1315 835 1426 898 autern
1441 831 1554 900 iacobi
1571 831 1749 916 Edesseni,
1771 835 1854 904 locis
1870 838 1936 930 cit,

1115 939 1155 1006 ad
1194 938 1307 1024 plures
1339 941 1441 1009 libros
1480 959 1614 1029 semper
1644 944 1779 1028 dicitnr,
1816 947 1937 1016 librum

1114 1067 1181 1118 non
1205 1069 1338 1134 costen,
1362 1053 1421 1120 sed
1448 1065 1619 1122 correctum
1642 1057 1744 1126 luisse
1775 1049 1886 1160 533»
1918 1077 1937 1126 e

1114 1162 1242 1230 duabus
1266 1163 1486 1248 Editionibus,
1513 1168 1643 1236 Pescito
1672 1187 1791 1257 nempe
1823 1179 1856 1240 et
1888 1171 1937 1238 al-

1114 1281 1184 1342 tera
1200 1291 1241 1343 ex
1258 1277 1383 1344 Graeco
1399 1277 1560 1382 derivate
1577 1279 1762 1367 iisdemque
1778 1283 1846 1352 lere
1863 1301 1936 1351 ver-

1113 1388 1165 1457 bis
1189 1389 1480 1475 subscriptionum
1504 1391 1609 1461 utitur
1632 1394 1859 1464 Barhebraeus
1883 1399 1936 1482 (a-

1114 1503 1182 1590 pud
1206 1503 1389 1586 hssemani,
1418 1506 1456 1570 B.
1483 1505 1538 1588 0.,
1563 1507 1608 1589 ll,
1634 1507 1771 1590 tissi),
1796 1523 1872 1575 cum
1896 1508 1937 1575 de

1113 1615 1226 1684 racchi
1249 1614 1410 1684 Edesseni
1438 1632 1540 1700 opere
1564 1617 1722 1703 loqutus,
1746 1635 1823 1686 eum
1848 1619 1937 1686 scili-

1115 1735 1167 1796 cet
1197 1729 1370 1796 correxisse
1392 1720 1464 1831 3³²
1487 1733 1589 1798 vetus
1614 1733 1701 1799 Test.

1159 1846 1299 1912 Demum
1315 1843 1544 1912 Barhebraeus
1560 1841 1593 1908 in
1606 1843 1783 1911 Prooemio
1799 1843 1937 1912 inHorr.

1113 1956 1218 2041 Mpst,
1243 1954 1305 2022 loc.
1332 1955 1397 2037 cit,
1422 1975 1454 2022 n.
1479 1958 1511 2038 3,
1537 1962 1613 2022 ante
1630 1963 1813 2024 extremam
1834 1957 1937 2042 parti-

1115 2067 1223 2136 culam
1251 2067 1373 2136 ibidem
1405 2067 1548 2148 allatam,
1573 2065 1695 2150 inqua
1728 2074 1794 2134 tam
1823 2075 1938 2153 aperte

1116 2179 1278 2264 loquitur,
1302 2179 1383 2248 baec
1406 2179 1506 2249 hahet
1530 2180 1571 2247 de
1596 2179 1756 2248 versione
1781 2179 1938 2248 Philoxe-

1114 2292 1210 2360 niana
1242 2312 1260 2360 a
1292 2292 1417 2362 Thema
1446 2292 1620 2362 ilarlrlensi
1652 2291 1825 2374 recensita,
1854 2311 1939 2379 quae

1115 2405 1400 2490 subscriptionem
1424 2403 1529 2490 ipsius
1553 2404 1699 2472 Thomas
1723 2404 1792 2471 iere
1817 2406 1939 2473 rescri-

1114 2517 1218 2599 bunt,
1243 2533 1442 2602 omnemque
1479 2517 1658 2585 verborum
1690 2517 1939 2602 ambiguitatem

1114 2629 1253 2698 tollunt:
1279 2630 1398 2696 Deinde
1421 2629 1524 2715 mepta
1546 2641 1691 2697 accurate
1716 2631 1771 2714 (N.
1803 2631 1897 2714 Test.)
1925 2651 1941 2697 e

1116 2743 1235 2812 Graeco
1257 2742 1293 2808 irt
1315 2743 1430 2829 symm
1453 2761 1614 2810 versum
1641 2743 1724 2828 scit
1750 2727 1939 2814 beandi

1112 2856 1244 2924 omorio
1260 2856 1379 2923 inuris
1401 2856 1518 2941 Mobop
1541 2855 1646 2922 diebtrs
1675 2855 1847 2922 venerandi
1868 2854 1942 2922 Phi-

1115 2968 1232 3050 lorceoi,
1249 2980 1279 3036 et
1297 2967 1497 3036 collatum
1519 2969 1601 3054 scit
1626 2952 1832 3032 timeto
1850 2970 1940 3034 tertio

1115 3081 1331 3151 discondrr'ce
1361 3101 1382 3150 o
1420 3079 1598 3150 venerando
1627 3080 1745 3146 Thomo
1771 3079 1941 3148 licrlrlensr'
2030 3064 2033 3072 ’

1116 3197 1151 3262 ia
1161 3195 1350 3262 mormsterio
1365 3196 1476 3264 Soaeto
1487 3193 1750 3260 Antoniorrorarm.
1764 3195 1844 3260 Post
1856 3210 1940 3279 quae

1117 3306 1228 3376 statim
1260 3311 1446 3392 sequuntur
1465 3305 1533 3391 jam
1565 3303 1679 3370 allata:
1715 3306 1942 3371 Testamentum
1974 3331 1981 3352 =

1116 3437 1189 3486 vcro
1222 3419 1310 3484 Vetus
1341 3416 1520 3484 LXXoirole
1541 3417 1659 3484 Paolrts
1685 3417 1857 3504 Episcopus
1889 3419 1942 3484 Te-

1117 3531 1167 3596 los
1195 3529 1355 3596 Maestum
1383 3547 1399 3593 s
1431 3527 1550 3595 Graeco
1577 3529 1612 3594 in
1631 3529 1795 3615 syrianam
1818 3532 1941 3597 vertit

1075 3617 1083 3634 ’
1118 3627 1231 3734 i-“sssi-

1163 3758 1212 3824 Ex
1227 3755 1280 3822 his
1305 3762 1372 3822 tam
1396 3752 1520 3840 apertis
1552 3753 1668 3821 inutile
1697 3753 1777 3822 mihi
1810 3753 1942 3824 ridetur

1117 3868 1326 3954 coniecturas
1349 3867 1481 3934 Brunsii
1506 3864 1650 3948 solvere,
1674 3871 1708 3934 et
1739 3884 1823 3953 quae
1857 3869 1938 3936 oriri

1117 3984 1255 4066 possent
1286 3977 1384 4046 dubia
1422 3957 1463 4045 ex
1493 3975 1708 4046 multitudine
1740 3979 1940 4048 versionum

1117 4075 1382 4178 syriacuum'et
1406 4089 1656 4177 exgeneraliori
1672 4091 1763 4160 vocis
1785 4093 1940 4162 versionis

1116 4195 1217 4276 sensu
1241 4204 1329 4290 apud
1354 4206 1456 4288 syros
1479 4210 1513 4271 et
1529 4203 1622 4287 alios,
1648 4221 1733 4290 quae
1749 4203 1939 4274 nullatenus

1116 4318 1239 4386 cadunt
1262 4315 1297 4384 in
1321 4322 1480 4398 nostram,
1505 4315 1546 4384 de
1571 4333 1636 4401 qua
1660 4322 1727 4384 tam
1751 4325 1867 4402 aperte
1885 4335 1940 4388 res

1116 4429 1284 4500 definitur.
1309 4431 1514 4516 Quamquam
1539 4447 1606 4498 non
1630 4448 1733 4516 pauca
1759 4433 1849 4500 etde
1874 4433 1939 4505 isto

1117 4561 1181 4611 usu
1204 4541 1295 4610 rosis
1333 4541 1487 4609 versionis
1518 4547 1552 4610 et
1576 4541 1617 4610 de
1645 4542 1717 4628 ipse
1740 4542 1939 4612 versionum

1118 4654 1326 4739 syriacarnm
1349 4655 1563 4724 multitudine
1587 4653 1724 4722 dicenda
1750 4661 1872 4735 essent;
1896 4655 1938 4722 de

1117 4767 1238 4854 quibus
1261 4765 1478 4836 versionibus
1501 4765 1618 4850 exigua
1635 4765 1807 4849 hucusque
1831 4765 1938 4846 docti,

1116 4897 1178 4948 nec
1202 4895 1335 4964 semper
1358 4879 1399 4946 ad
1423 4885 1548 4946 rectam
1572 4875 1673 4944 crisin
1697 4881 1811 4944 exacta
1835 4875 1937 4945 dede-

1115 4998 1215 5075 runt,
1246 4990 1370 5060 nostris
1402 5007 1480 5058 vero
1513 4987 1719 5074 temporibus
1748 4986 1871 5072 justius
1903 4993 1938 5056 et

1117 5104 1215 5188 longe
1235 5081 1366 5188 prensus
1390 5117 1431 5168 ex
1454 5100 1603 5169 lontibus
1627 5098 1724 5168 oriris
1748 5106 1782 5168 er
1806 5097 1939 5166 inertes
2022 5169 2029 5180 ,

1116 5217 1281 5288 disserere
1305 5213 1392 5282 licet.

1161 5327 1228 5394 sed
1243 5333 1354 5394 tamen
1374 5324 1482 5392 omnis
1506 5321 1642 5390 omnino
1665 5321 1879 5406 negandusne
1903 5321 1937 5388 in
2046 5395 2050 5406 ,

1116 5445 1266 5508 nostram
1289 5435 1435 5504 influxus
1465 5442 1537 5503 tum
1561 5451 1602 5503 ex
1626 5433 1785 5504 versione
1810 5451 1828 5502 e
1853 5433 1937 5500 Lxx

1117 5553 1200 5620 lacta
1225 5565 1304 5617 cura
1328 5545 1511 5629 Philoxeni,
1535 5546 1631 5634 eujus
1656 5545 1765 5632 quoad
1789 5544 1940 5614 Psalmos

1117 5660 1277 5732 memoria
1293 5663 1383 5727 extat
1399 5657 1433 5724 in
1450 5659 1541 5726 llose
1557 5656 1735 5742 Aphelaeo,
1756 5655 1940 5724 Philoxeno

1118 5777 1187 5844 iere
1199 5787 1320 5841 coaevo
1334 5769 1536 5856 (llssem.,B.
1551 5770 1599 5852 0.,
1612 5771 1652 5851 ll,
1664 5771 1771 5854 82-3),
1784 5777 1817 5838 et
1830 5767 1939 5854 quoad

1118 5887 1229 5956 locum
1246 5885 1363 5952 saltem
1388 5882 1503 5980 Esaiae
1527 5882 1560 5948 in
1585 5887 1699 5948 nostra
1718 5881 1790 5968 ipsa
1805 5879 1941 5948 versio-
