4706 6420
928 319 1103 368 -ω-

148 457 354 534 contuendo
367 459 549 542 occupatus
564 462 646 526 orat.
663 455 812 526 Primum
823 455 973 527 contine·
1029 463 1039 483 '

149 581 204 644 tur
219 571 351 642 duobus
375 549 444 638 'iere
458 568 547 638 toliis
570 568 830 640 membranaceis
850 569 972 640 modici

147 684 287 766 moduli,
306 689 339 753 et
354 683 543 752 charactere
566 682 753 768 maiuscula
775 701 843 752 non
866 683 971 752 inele-

147 797 236 885 ganti
253 797 310 866 illo
323 795 456 884 quidem
469 802 638 864 exaratum
651 801 713 878 est;
730 796 855 894 aliquot
871 797 972 866 etiam

148 913 219 982 toni
234 917 331 980 notas
354 908 462 980 serius
485 909 728 996 superscriptas
750 910 848 997 gerit;
870 927 971 997 quan·

147 1027 224 1096 dam
240 1043 322 1094 vero
336 1022 597 1092 stichometriam
612 1025 715 1094 reiert
737 1023 771 1092 in
788 1041 847 1092 sua
873 1023 970 1093 inter·

147 1137 344 1224 punctione,
368 1151 452 1222 quae
477 1143 601 1221 puncto
626 1143 659 1206 et
683 1136 906 1222 superscripta
929 1137 971 1204 li-

146 1249 245 1318 neola
260 1253 402 1331 constat,
418 1247 483 1316 nisi
498 1249 605 1334 major
621 1255 774 1318 occurrat
790 1248 970 1332 distinctio,
1008 1253 1015 1268 '

144 1377 231 1448 quae
248 1360 379 1430 duobus
395 1359 527 1445 punctis
544 1359 717 1428 indicatur.
735 1360 885 1428 Alterum
902 1367 971 1428 sta·

144 1476 207 1544 tim
231 1473 448 1559 subsequitur
470 1471 674 1558 praecedens
697 1472 732 1540 io
767 1471 884 1542 eadem
911 1489 971 1558 pa-

145 1587 222 1672 gina
246 1584 339 1654 nullo
363 1584 542 1654 interstitio
567 1583 696 1668 relicto,
713 1591 746 1652 et
769 1583 886 1652 lolium
901 1585 971 1654 iere

146 1699 382 1786 complectitur
393 1697 542 1784 ejusdem
558 1697 686 1766 moduli
702 1715 740 1766 ac
756 1697 974 1782 praecedens

145 1813 336 1881 charactere
352 1811 540 1880 minusculo
557 1809 725 1890 scribitur,
742 1817 775 1878 et
799 1810 972 1896 interpun-

146 1923 327 2012 ponctione
344 1925 412 1994 lere
429 1924 546 1993 eadam
562 1940 600 1992 ac
623 1921 706 1992 illud
722 1924 837 1992 utitur.
854 1923 971 1992 Aetate

145 2044 326 2124 utrumque
350 2037 434 2106 intra
453 2036 628 2108 ,saeculum
650 2039 679 2106 X
703 2054 771 2104 uon
788 2036 971 2121 descondit,

145 2149 206 2220 sed
239 2149 331 2236 prius
354 2149 459 2218 altero
484 2149 652 2235 antiquius
684 2141 796 2234 pa'ullo
820 2155 881 2219 cst.
910 2151 971 2217 Se·

145 2263 254 2332 riores
278 2279 374 2360 curas
398 2268 576 2346 utrumque
601 2267 776 2348 aspertum
798 2253 861 2342 est,
887 2277 972 2347 quae

147 2377 180 2444 in
218 2375 306 2443 notis
337 2373 502 2456 indicavi,
537 2391 599 2442 nec
634 2373 733 2459 longe
768 2373 971 2442 recentiores

146 2493 227 2557 suut
250 2485 353 2572 priori
378 2485 552 2571 scriptura.
577 2489 658 2556 Post
682 2485 763 2554 haec
786 2485 849 2552 alia
871 2501 972 2556 manu

147 2601 338 2668 charactere
362 2598 550 2668 minusculo
574 2597 691 2666 aetatis
715 2597 827 2682 paullo
853 2614 971 2666 recen-

147 2711 243 2782 tioris
267 2711 419 2798 sequitur
434 2711 566 2780 initium
588 2711 748 2780 Actorum
771 2711 831 2778 SS.
848 2713 970 2795 Marty-

147 2845 223 2894 rum
248 2826 388 2896 Luceiae
402 2824 545 2909 Virginis
563 2832 597 2892 et
611 2823 754 2894 huccine
778 2823 877 2910 regis,
893 2831 970 2906 etc,

148 2955 233 3025 quae
256 2936 479 3008 Bollandistae
496 2937 672 3006 ediderunt
695 2935 822 3020 integra
843 2935 876 3003 in
892 2934 972 3004 icto

146 3053 332 3120 sumtuum
354 3049 441 3118 iunii
467 3055 489 3116 t.
514 3052 552 3132 v,
577 3067 609 3134 p.
637 3051 691 3132 ts,
714 3049 780 3120 suh‘
801 3047 854 3116 die
878 3069 949 3116 xxv.

191 3163 309 3232 Passio
334 3162 368 3230 S.
392 3159 555 3232 vincentii
578 3161 612 3228 in
635 3161 755 3240 rebus,
780 3140 849 3228 imo
872 3175 971 3245 saepe

147 3277 179 3344 in
201 3273 315 3342 verbis
339 3272 384 3342 ita
408 3275 577 3358 conspirat
593 3289 670 3342 cum
686 3270 777 3340 Actis
802 3289 886 3356 quae
902 3270 970 3338 vul·

147 3393 309 3474 gaveruut
337 3387 561 3456 bollandistae
584 3387 626 3456 ad
650 3384 737 3454 diem
761 3386 970 3452 rau-tanna-

148 3499 187 3568 rii
210 3507 246 3570 et
271 3499 407 3568 lluiuart
430 3499 464 3568 in
480 3498 559 3566 Aeto
581 3497 762 3583 Mortpruoa
784 3495 917 3578 sinemo,
933 3501 972 3564 ut

147 3618 284 3682 mutuus
306 3629 414 3680 nexus
445 3611 558 3696 negari
590 3616 742 3696 nequeat.
769 3609 835 3678 Sed
859 3607 968 3695 quod-

149 3743 223 3793 nam
248 3743 290 3794 ex
313 3723 366 3793 his
390 3722 598 3792 documentis
614 3722 778 3793 vetustius
801 3721 971 3822 acsince·

149 3837 237 3908 riua‘t
261 3839 382 3906 Forma
406 3835 541 3922 quidem
565 3833 698 3904 brevior
720 3851 758 3902 ae
780 3832 973 3922 ⁸simplicior

148 3956 265 4018 nostro
288 3949 433 4035 lavaret,
460 3949 520 4018 sed
551 3945 660 4034 potuit
691 3963 771 4014 sane
802 3945 865 4014 ista
896 3961 972 4014 esse

148 4079 188 4130 ex
212 4067 330 4130 natura
354 4059 508 4130 lectionis
531 4058 791 4141 ecclesiasticae,
815 4057 849 4126 in
874 4075 972 4143 quam

148 4173 319 4242 redactum
343 4179 405 4242 est.
429 4171 517 4272 h'ihil
540 4171 616 4240 ideo
641 4171 682 4240 de
705 4169 822 4256 majori
846 4169 971 4238 alteru·

148 4285 231 4354 trius
256 4285 416 4371 dignitate
438 4285 566 4354 affirmo
579 4309 590 4366 ;
616 4283 675 4354 sed
699 4283 791 4352 uolui
813 4282 971 4354 vetustis·

147 4396 265 4466 simam
285 4415 364 4467 sane
381 4397 578 4468 Passionem
597 4395 814 4482 supprimere,
837 4411 922 4481 quae
937 4398 972 4464 et

147 4509 292 4594 quodam
316 4509 447 4596 linguae
470 4509 579 4580 nitore
603 4526 640 4578 se
663 4507 882 4578 commendat.

192 4623 308 4694 Lectio
342 4623 502 4692 Acunum
519 4621 759 4708 Apostolorum
798 4620 971 4690 confirmat

147 4736 237 4822 qnod
267 4737 463 4822 jamdudum
495 4735 618 4805 criticis
650 4735 794 4804 cordatis
818 4739 970 4817 constat,

148 4851 263 4918 Patres
287 4849 321 4918 in
345 4850 447 4919 sacris
472 4849 566 4920 libris
594 4847 770 4918 afferendis
801 4846 971 4916 mordicus

146 4961 251 5046 magis
277 4961 391 5032 literas
408 4961 598 5032 adhaesisse
614 4977 713 5048 quam
735 4965 894 5046 appareat
910 4957 968 5040 illi,

148 5073 202 5158 qui
228 5091 304 5141 cum
329 5074 470 5142 testibus
495 5073 597 5144 sacris
621 5073 719 5146 edilis
749 5073 859 5142 sotum
886 5065 970 5142 con-v

149 5183 276 5266 tulerit3
302 5193 335 5254 et
359 5187 471 5255 nescio
488 5205 529 5254 an
546 5193 722 5254 concurrat
738 5185 779 5254 ad
802 5185 968 5252 infirman-

147 5295 222 5364 dam
247 5297 440 5383 opinionem
456 5297 586 5366 deuna
610 5297 688 5366 licet
710 5297 874 5366 recensita
898 5313 969 5366 sae

148 5407 222 5493 pius
246 5409 399 5478 versione
423 5409 537 5478 Latina
559 5411 672 5479 veteri.
696 5409 788 5478 Adeo
805 5409 893 5477 enim
917 5407 969 5476 di-

149 5527 212 5588 stat
243 5539 261 5588 a
294 5521 434 5592 testibus
465 5521 499 5590 in
531 5521 681 5591 Sabatier
708 5521 868 5608 prolatis,
893 5537 969 5588 eum

149 5633 280 5702 alivmde
312 5635 484 5708 conveniat
519 5633 602 5704 adeo
638 5653 713 5704 cum
748 5633 969 5716 lectionibus,

150 5761 229 5832 quas
253 5745 366 5831 plures
389 5747 446 5816 ille
470 5747 582 5831 alieri,
606 5747 747 5818 Luciferi
772 5745 969 5829 calaritani,

150 5863 185 5924 ut
220 5864 369 5945 textum,
394 5859 482 5930 unde
507 5867 622 5929 nostra
653 5859 753 5931 lectio
778 5867 851 5943 est,
876 5857 970 5928 illum

151 5985 329 6056 usurpasse
352 5979 445 6044 certo
470 5978 637 6059 appareat.

1108 477 1227 526 flfflffl
1249 477 1386 526 cumcunl
1409 477 1570 528 morosis!
1592 477 1839 530 Rcfflfflfflffl

1143 617 1149 635 t
1277 591 1364 639 btbsstt
1387 591 1516 638 aturrus
1540 591 1672 640 luamus

1197 707 1236 752 ltu
1260 705 1405 754 cothhrto
1428 705 1562 754 rnsrtutt
1585 705 1750 754 nonnulli.

1106 912 1194 978 flacc
1218 908 1441 994 suppeditavit
1456 907 1574 994 ingens
1590 909 1696 980 roden
1710 911 1884 998 bombyci-

1061 1037 1124 1090 nus
1141 1020 1175 1090 in
1192 1021 1240 1090 t.⁰
1254 1015 1479 1090 Bibliothecae
1495 1022 1743 1107 imbrosianae,
1765 1025 1810 1094 ii.
1828 1026 1883 1096 88.

1060 1135 1146 1220 Sap,
1163 1151 1263 1220 quem
1286 1133 1420 1218 scripsit
1435 1133 1604 1230 lohannes
1620 1135 1755 1222 quidam
1770 1153 1885 1208 mona·

1061 1245 1165 1330 chus,
1190 1264 1258 1316 non
1283 1254 1392 1316 tamen
1424 1252 1553 1330 totum,
1577 1265 1639 1317 neo
1662 1249 1751 1320 hunc
1773 1251 1884 1336 ipsum

1061 1360 1196 1444 tertium
1219 1360 1342 1430 lihrum
1365 1375 1470 1444 acap.
1492 1362 1504 1428 l
1530 1360 1571 1428 ad
1587 1365 1688 1432 livill
1711 1363 1881 1434 inclusive.

1060 1472 1137 1542 Fuit
1152 1471 1320 1558 peculium
1344 1471 1504 1542 llanuelis
1522 1473 1693 1558 Sophiani,
1709 1481 1743 1544 et
1767 1492 1808 1544 cr
1832 1476 1884 1544 iu-

1060 1585 1133 1654 sula
1157 1585 1240 1654 Chio
1264 1591 1474 1670 comparatus
1491 1603 1553 1672 pro
1577 1585 1783 1656 Bibliotheca
1805 1588 1881 1656 Am·

1060 1697 1215 1768 bresiana
1239 1717 1290 1766 an.
1318 1699 1416 1766 thou.

1106 1813 1195 1892 Quae
1212 1811 1328 1895 ingens
1344 1811 1500 1880 volumen
1517 1809 1749 1896 complectitur
1764 1826 1883 1882 racen-

1049 1903 1134 1994 ‘sero
1151 1939 1332 2008 operosum
1353 1939 1433 1992 sane
1449 1929 1537 1992 esset
1543 1948 1552 2005 ;
1578 1922 1685 1992 dicam
1710 1941 1789 2010 ergo
1806 1930 1879 1994 tan-

1060 2043 1131 2104 tum
1147 2037 1189 2104 de
1205 2044 1318 2104 nostra
1336 2035 1478 2104 historia
1495 2053 1579 2120 quae
1604 2036 1794 2106 continetur
1809 2037 1830 2106 i.
1850 2041 1885 2108 i·

1059 2149 1080 2216 i.
1106 2149 1150 2216 72
1173 2148 1239 2231 v⁰.,
1264 2147 1324 2216 sed
1355 2147 1523 2232 permistis
1546 2147 1697 2234 partibus
1729 2153 1791 2218 nec
1819 2167 1884 2218 una

1058 2277 1159 2330 manu
1174 2261 1370 2358 conscripta.
1394 2260 1463 2330 Fol.
1484 2262 1563 2328 t-ts
1581 2261 1624 2328 r.⁰
1639 2279 1755 2330 versus
1770 2263 1885 2332 linem:

1059 2373 1182 2442 Tabula
1205 2372 1281 2441 libri
1301 2375 1345 2442 lll
1367 2371 1533 2459 hujusque
1553 2373 1695 2458 capitula
1710 2395 1826 2444 1-xuu.
1844 2377 1882 2442 ln

1059 2485 1124 2554 ima
1154 2485 1273 2571 pagina
1303 2485 1358 2552 lol.
1387 2487 1428 2553 l9
1457 2485 1499 2554 r.⁰
1522 2485 1701 2584 adnotatur
1732 2467 1882 2562 λοιπᾶζει.

1060 2596 1130 2668 Pol.
1150 2600 1191 2666 tu
1216 2597 1321 2666 τέ’-22
1337 2597 1382 2666 v.⁰
1405 2596 1491 2666 circa
1514 2597 1662 2666 medium
1687 2605 1723 2666 ut
1747 2599 1879 2684 Capitu-

1059 2711 1128 2779 lum
1143 2707 1192 2787 td,
1205 2709 1300 2800 Λόγος
1322 2711 1550 2774 Κωνσταντίνου
1573 2709 1726 2792 reflueret
1748 2733 1886 2801 προσφω-

1058 2821 1178 2896 νητικὸς
1194 2820 1266 2911 πρὸς
1281 2821 1338 2894 τὴν
1355 2823 1448 2912 ἁγίαν
1463 2813 1594 2900 σύνοδον,
1610 2823 1666 2908 qui
1683 2829 1735 2892 esi
1759 2823 1792 2892 itt
1815 2826 1882 2894 Ge-

1059 2935 1132 3004 lasii
1157 2935 1308 3020 Cyziceni
1331 2935 1422 3004 Actis
1448 2935 1586 3006 concilii
1610 2936 1745 3006 Nicaeni
1767 2939 1808 3021 ll,
1823 2959 1882 3018 uu;

1059 3048 1274 3136 eiusdemque
1290 3047 1454 3118 sermonis
1471 3047 1602 3116 initium
1618 3049 1783 3134 repetitur
1798 3050 1819 3120 l.
1836 3052 1882 3120 22

1058 3181 1087 3230 v.
1112 3161 1173 3230 sed
1195 3160 1291 3229 lineis
1314 3161 1421 3230 ductis
1446 3160 1663 3246 reprobatum
1685 3161 1780 3230 initio
1803 3179 1883 3232 vero
1964 3219 1967 3234 .

1059 3274 1158 3361 hujus
1181 3273 1346 3342 sermonis
1369 3273 1390 3342 l.
1418 3275 1460 3342 to
1483 3273 1517 3340 in
1541 3273 1690 3358 margine
1717 3280 1769 3342 est
1799 3281 1879 3344 nota

1058 3389 1128 3458 lere
1150 3388 1290 3456 lormam
1313 3385 1406 3471 digiti
1430 3387 1578 3454 referens
1601 3385 1706 3454 minio
1737 3395 1881 3456 exarata.

1059 3501 1129 3570 Pol.
1145 3502 1202 3568 us:
1221 3499 1354 3568 initium
1371 3499 1532 3584 prooemii
1550 3497 1624 3568 libri
1641 3493 1788 3568 lGelasii
1806 3519 1883 3570 cum

1059 3615 1157 3686 titulo
1180 3612 1346 3703 Σὺνταγμα
1368 3621 1425 3706 γῆς
1448 3616 1479 3676 ἐν
1502 3612 1627 3694 unatqr
1640 3613 1731 3703 ἁγίας
1759 3607 1883 3680 metim

1058 3752 1085 3794 κ.
1109 3751 1137 3792 τ.
1161 3731 1209 3810 b,
1233 3733 1267 3795 et
1290 3725 1324 3794 in
1348 3725 1458 3794 fronte
1482 3741 1601 3794 manus
1625 3727 1816 3812 posterior:
1841 3726 1881 3794 'tt

1058 3840 1140 3931 ἀρχὴ
1163 3849 1217 3904 τοῦ
1240 3832 1358 3928 &aditos
1379 3835 1452 3902 ἔνθα
1468 3837 1559 3908 ἐστίν.
1578 3841 1666 3908 Haec
1683 3840 1794 3910 omnia
1809 3859 1882 3910 mtt-

1058 3971 1121 4024 ous
1145 3953 1314 4040 posterior
1337 3951 1503 4050 supplevit
1526 3951 1650 4020 saeculi
1673 3953 1742 4020 lere
1765 3955 1832 4035 llll,
1850 3961 1884 4024 et
1973 3989 1977 3998 ·

1057 4073 1265 4154 postremum
1289 4063 1405 4134 lolium
1420 4067 1464 4134 23
1489 4064 1580 4132 ahud
1603 4063 1667 4134 sihi
1692 4083 1882 4136 connexum

1057 4179 1192 4268 physice
1216 4195 1284 4248 non
1307 4177 1418 4258 hahet,
1436 4177 1496 4246 sed
1520 4193 1623 4246 unum
1640 4195 1716 4247 cum
1740 4195 1882 4266 sequen-

1058 4293 1146 4364 tihus
1159 4289 1391 4378 compingitur,
1405 4307 1489 4376 quae
1503 4288 1613 4358 omnia
1629 4289 1670 4360 ad
1687 4290 1788 4360 tinem
1805 4291 1880 4360 libri

1057 4425 1157 4478 manu
1172 4404 1346 4474 vetustiori
1370 4407 1547 4472 exarantur
1562 4403 1687 4471 saeculi
1708 4403 1777 4472 lere
1794 4407 1879 4486 titt,

1058 4520 1146 4592 loliis
1169 4519 1279 4590 33-38
1303 4524 1337 4586 et
1361 4515 1530 4608 nonnullis
1561 4515 1797 4602 marginalibus
1822 4533 1881 4588 ex-

1058 4632 1174 4720 ceptis.
1191 4631 1262 4700 Fol.
1278 4631 1401 4714 2332,
1417 4629 1475 4700 uhi
1499 4629 1568 4698 lolii
1592 4628 1709 4698 lacuna
1726 4630 1882 4712 occurrit,

1058 4744 1273 4834 prosequitur
1288 4743 1498 4830 prooemium
1521 4759 1597 4812 cnm
1612 4742 1698 4812 libro
1715 4745 1738 4810 l.
1758 4743 1881 4812 Versus

1060 4859 1292 4930 insulatus
1309 4857 1355 4926 v.⁰
1377 4855 1492 4942 incipit
1516 4853 1600 4925 liber
1625 4857 1663 4924 ll.
1689 4855 1760 4924 Ful.
1779 4859 1823 4926 38
1840 4857 1883 4926 r.⁰

1057 4989 1174 5042 versus
1197 4971 1298 5040 linem
1321 4967 1443 5038 desinit
1470 4967 1597 5038 librili
1622 4967 1804 5054 capitulum
1828 4989 1880 5050 ur,

1059 5093 1094 5156 et
1115 5086 1150 5156 iu
1173 5084 1321 5170 margine
1337 5091 1416 5154 nota
1439 5081 1557 5152 minio:
1582 5080 1673 5154 zise
1688 5085 1719 5146 tv
1742 5089 1782 5168 τῇ
1800 5088 1881 5174 ἀρχῇ

1058 5196 1139 5290 perat
1170 5191 1199 5262 G'
1225 5187 1372 5286 τιτρὰδια
1404 5202 1445 5272 clg
1466 5193 1524 5266 τὴν
1555 5193 1653 5284 ἀρχὴν
1681 5203 1735 5258 τοῦ
1758 5195 1882 5286 τρίτου,

1058 5333 1123 5401 erp.
1147 5307 1198 5395 rd‘,
1214 5317 1336 5400 σημεῖον
1352 5297 1433 5386 τάδε,
1449 5307 1558 5378 addita
1583 5313 1661 5374 nota
1685 5306 1801 5390 cadem
1826 5307 1882 5376 illa

1059 5441 1143 5513 quaa
1167 5423 1346 5510 apponitur
1369 5439 1470 5508 supra
1498 5421 1518 5488 l.
1547 5423 1610 5504 lb,
1635 5419 1668 5488 in
1698 5419 1778 5490 lolio
1802 5437 1883 5490 vero
1983 5417 1988 5426 '

1061 5539 1104 5606 {8
1119 5536 1165 5604 v:⁰
1181 5533 1358 5604 ascribitur
1373 5541 1452 5603 nota
1470 5533 1698 5619 quaternionis
1713 5525 1754 5612 d',
1771 5533 1882 5602 minus

1060 5655 1175 5722 exacte
1206 5647 1341 5734 quidem
1375 5663 1451 5716 cum
1481 5649 1524 5716 28
1558 5645 1635 5716 iolla
1671 5645 1879 5732 praecedant.

1062 5761 1281 5834 continenter
1297 5760 1317 5828 l.
1335 5761 1380 5830 38
1402 5761 1555 5846 sequitur
1577 5759 1698 5830 Gelasii
1721 5759 1743 5828 l.
1760 5762 1800 5844 lt,
1818 5781 1881 5844 vor,

1061 5881 1096 5946 ei
1117 5875 1190 5944 linit
1214 5873 1276 5942 iste
1299 5873 1384 5942 liber
1408 5873 1428 5942 l.
1453 5875 1508 5942 67.
1533 5873 1578 5942 v.⁰
1600 5891 1715 5942 versus
1739 5871 1882 5956 initium,

1062 5991 1119 6062 uhi
1143 5989 1265 6058 iterum
1287 6003 1406 6058 manus
1422 5985 1568 6058 secunda
1590 5985 1631 6109 ins
1648 5981 1795 6070 margine
1818 5985 1882 6058 mi-
