4594 6452
1220 237 1403 310 ..gp-

448 388 509 480 qui
527 387 628 462 ibunt
645 384 689 459 ad
707 385 917 477 supplicium
942 403 1014 460 non
1033 387 1265 474 miserebitur,

449 521 483 590 et
501 533 563 590 eos
591 516 651 606 qui
669 515 791 588 vivunt
818 515 854 588 in
883 533 937 597 eo,
957 533 1030 588 non
1058 515 1207 590 adducet
1223 516 1269 591 ad

446 641 689 734 perditionem.
721 642 780 739 lsti
817 643 910 716 enim
939 637 1022 716 sunt
1047 647 1108 735 qui
1133 645 1269 720 heredi·

447 769 570 842 tabunt
596 767 664 842 lroc
691 775 829 860 tempus
858 769 956 862 quod
983 771 1113 844 dictum
1133 778 1205 856 est;
1235 777 1270 846 et

448 915 570 970 eorum
599 903 653 970 est
690 897 864 972 hereditas
896 901 1064 990 temporis
1091 903 1268 991 promissi.

447 1025 508 1098 lsti
535 1032 617 1099 sunt
636 1027 697 1118 qui
716 1027 965 1118 disposuerunt
983 1028 1050 1101 sibi
1068 1035 1268 1121 promptua-

447 1154 497 1226 ria
525 1155 741 1245 sapientiae,
771 1162 805 1228 et
836 1155 989 1229 thesauri
1024 1157 1269 1248 intelligentiae

448 1281 542 1372 apud
569 1299 630 1354 eos
658 1267 785 1374 reperti
814 1289 909 1365 sunt,
931 1289 965 1355 et
993 1284 1269 1359 amisericordia

448 1427 522 1482 nou
551 1416 796 1495 recesserunt,
828 1413 1066 1486 alteritatem
1093 1413 1181 1504 legis
1208 1433 1268 1487 cu-

449 1535 655 1610 stodierunt.
697 1537 775 1610 istis
817 1538 911 1610 enirn
953 1539 1091 1613 dabitur
1116 1541 1269 1616 mmdus

448 1670 633 1738 venturus:
663 1663 875 1739 domicilium
912 1672 1028 1740 antem
1054 1667 1269 1760 reliquorum

449 1792 636 1866 multorum
663 1792 700 1864 iu
726 1793 807 1884 igne
835 1793 911 1866 erit.

504 1919 566 1992 te.
595 1919 667 1994 llos
686 1938 769 2024 ergo
789 1927 957 2011 quantum
984 1921 1130 2011 potestis
1150 1921 1271 1996 cobor-

448 2049 568 2122 tamiui
605 2049 796 2139 populum;
828 2049 912 2138 quia
950 2049 1061 2121 nostri
1088 2056 1143 2122 est
1177 2051 1270 2124 enim

428 2175 507 2273 ⁸bio
533 2175 641 2249 labor.
671 2177 708 2248 Si
736 2177 829 2249 euim
857 2175 1045 2251 docueritis
1073 2196 1155 2264 eoa,
1184 2179 1268 2252 viri·

447 2302 595 2379 ficabitis
624 2323 698 2378 eos.

473 2467 478 2482 ·
505 2433 566 2505 td.
595 2434 637 2504 lit
654 2431 910 2522 responderunt
927 2432 1020 2506 ultus
1040 2453 1141 2508 meus
1159 2441 1195 2509 et
1212 2455 1268 2510 se·

449 2565 567 2636 niores
593 2561 734 2653 populi,
764 2567 799 2634 et
825 2559 990 2634 dixerunt
1017 2562 1124 2635 mibi:
1153 2539 1270 2656 Usque

450 2691 495 2764 ad
521 2688 719 2764 istiusmodi
746 2688 940 2762 humiliarit
975 2707 1041 2763 uos
1069 2691 1203 2774 Fortis,
1232 2699 1271 2764 ut

452 2819 593 2910 recipiat
619 2827 692 2892 tea
719 2819 821 2892 nobis
841 2819 938 2892 citot
963 2819 1006 2892 Ει
1028 2811 1112 2894 'rere
1139 2821 1270 2895 erimus

451 2947 488 3019 in
515 2945 688 3029 tenebris,
717 2952 753 3019 et
778 2947 839 3020 lux
865 2965 937 3019 non
957 2947 1022 3020 erit
1048 2949 1177 3039 populo
1209 2951 1271 3042 qui

450 3075 591 3149 relictus
611 3079 676 3148 est.
694 3073 840 3146 Ubinam
860 3075 952 3146 enirn
972 3075 1097 3148 iterum
1120 3079 1272 3172 require

450 3224 530 3278 mus
549 3207 680 3297 legerat
707 3205 775 3278 Aut
793 3205 954 3296 quisnam
974 3205 1149 3280 discernet
1167 3171 1270 3280 nobis

450 3335 542 3407 inter
554 3340 700 3407 mortem
721 3339 755 3406 et
772 3334 894 3406 vitam?
912 3334 954 3406 llt
971 3333 1043 3406 dixi
1061 3335 1125 3408 eis:
1145 3335 1272 3409 Contra

451 3463 616 3536 thronum
631 3463 743 3570 Fortis
762 3480 833 3534 uun
847 3479 993 3556 possum
1012 3463 1187 3548 resistere
1210 3481 1270 3536 ιι-

424 3645 428 3648 -
451 3597 636 3664 runtamen
663 3609 735 3662 nou
755 3589 893 3662 deliciet
910 3590 1016 3662 lsrael
1034 3591 1186 3681 sapiens,
1208 3609 1270 3665 ne·

450 3733 522 3810 une
540 3717 633 3792 iilius
653 3718 739 3808 legis
759 3718 879 3809 generi
897 3716 1014 3792 Jacob.
1044 3717 1113 3792 Sed
1141 3724 1272 3792 tantum

451 3864 515 3918 uos
542 3851 743 3936 praeparate
764 3843 876 3932 ¹corda
903 3849 1017 3918 restra
1046 3851 1083 3917 ut
1101 3844 1272 3920 obediatis

451 3973 531 4064 legi,
552 3979 587 4046 ιι
605 3973 810 4062 subjaceatis
829 3972 897 4045 illis
917 3971 1031 4062 quiin
1049 3973 1173 4046 timore
1191 3978 1273 4046 sunt

453 4100 629 4191 sapientes
658 4107 693 4173 et
719 4099 977 4190 intelligentes;
1008 4106 1042 4172 et
1072 4105 1273 4190 praeparate

454 4228 604 4301 animam
631 4232 792 4308 vestram,
822 4245 867 4300 ne
894 4227 970 4318 sitis
998 4227 1201 4302 recedentes
1228 4225 1272 4300 ab

454 4356 517 4430 eis.
539 4355 575 4426 Si
595 4354 689 4427 enim
717 4353 802 4444 baec
826 4353 987 4437 feceritis,
1008 4352 1194 4427 advenient
1211 4359 1271 4427 vo-

452 4481 511 4556 bis
539 4481 830 4566 annuntiationes,
861 4497 948 4571 quas
976 4479 1132 4571 praedixi
1159 4481 1271 4574 vobis,

453 4629 571 4702 neque
598 4609 728 4684 cadetis
763 4611 800 4682 in
836 4609 1046 4700 supplicium
1074 4606 1170 4700 quod
1201 4611 1273 4700 jam

453 4737 657 4812 testificatus
685 4736 772 4811 suni
793 4736 904 4811 vobis.
937 4737 988 4810 lle
1014 4737 1121 4811 verbo
1158 4745 1273 4811 autem

453 4866 550 4959 quod
577 4867 808 4940 assumendus
828 4884 934 4949 eram,
954 4883 1027 4939 non
1054 4865 1202 4940 indicavi
1221 4867 1273 4941 eis

453 5011 569 5085 neque
588 4993 661 5066 filio
681 5013 772 5068 meo.

509 5122 571 5194 tl.
591 5121 633 5194 Et
651 5141 730 5196 eum
746 5115 897 5196 exissem
912 5139 953 5195 ac
971 5120 1183 5194 dimisissem
1197 5139 1271 5206 eos,

454 5246 524 5320 abii
551 5247 645 5333 inde,
666 5255 701 5323 et
727 5248 799 5322 dixi
828 5249 895 5323 eis:
914 5249 1004 5322 llcca
1022 5267 1087 5341 ego
1105 5248 1194 5322 vado
1212 5269 1272 5324 us·

455 5389 524 5465 que
542 5373 694 5449 Hebron.
716 5377 799 5450 llluc
828 5377 922 5450 enim
950 5377 1043 5451 misit
1065 5396 1121 5451 me
1147 5379 1270 5452 Fortis.

454 5499 497 5572 Et
514 5502 595 5574 reni
623 5501 766 5576 adeum
786 5504 912 5588 locum,
942 5503 1002 5577 ubi
1029 5523 1146 5579 sermo
1164 5507 1272 5580 iactus

455 5627 565 5702 luerat
583 5627 627 5700 ad
646 5647 713 5714 me,
734 5637 769 5704 et
795 5631 871 5706 sedi
889 5631 950 5717 ibi,
971 5638 1006 5707 et
1018 5633 1170 5726 jejunavi
1190 5652 1270 5726 sep·

454 5763 524 5832 tem
544 5755 681 5832 diebus.

1625 409 1744 466 ΟΜῊΟ
1769 411 1912 468 auduom

1414 629 1479 718 te?
1496 647 1537 718 Ει
1554 647 1750 721 factumest
1766 653 1847 740 post
1865 647 1959 721 diem
1978 645 2184 738 septimum,

1359 775 1455 846 orari
1483 781 1562 850 ante
1589 777 1730 850 Fortem
1758 783 1793 848 et
1821 775 1919 848 dixi:
1948 775 1978 846 0
2006 775 2217 861 Domina„

1358 917 1463 975 rocas
1482 903 1669 976 adventum
1688 911 1896 993 temporum,
1917 909 1953 976 ιι
1970 910 2084 975 astant
2103 909 2185 974 ante

1357 1035 1403 1113 te,
1432 1031 1599 1104 transfers
1626 1037 1834 1124 potestatem
1861 1031 2088 1128 seculorum,
2120 1047 2183 1101 ne·

1358 1173 1428 1258 que
1446 1157 1614 1230 resistunt
1629 1159 1705 1242 tibi,
1726 1158 1886 1250 disponis
1906 1159 2079 1230 rationem
2096 1164 2186 1230 tem

1357 1303 1504 1376 porum,
1534 1291 1568 1358 et
1595 1283 1764 1358 obediunt
1790 1284 1874 1370 tibi;
1903 1291 1942 1357 tu
1978 1285 2078 1356 solus
2117 1302 2183 1356 nc·

1358 1412 1429 1484 scis
1448 1412 1597 1503 spatium
1616 1415 1891 1504 generationum,
1907 1429 2024 1503 nequo
2044 1411 2182 1484 revelas

1358 1542 1524 1632 mysteria
1541 1547 1600 1613 tua
1619 1542 1749 1626 multis;
1768 1541 1903 1615 iudicas
1922 1540 2182 1614 multitudinem

1358 1669 1462 1760 ignis,
1483 1675 1519 1741 et
1544 1669 1716 1744 levitatem
1743 1670 1886 1759 spiritus
1904 1667 2095 1760 pandoram
2128 1668 2181 1740 iu·

1357 1797 1510 1888 vestigas
1538 1797 1644 1869 tinem
1672 1797 1910 1880 excelsorum,
1941 1801 1976 1868 ιι
2001 1793 2183 1886 profundi

1358 1930 1447 1998 tates
1466 1927 1687 1998 tenebrarum
1706 1924 1872 1996 scrutaris
1882 1947 1891 2007 ;
1920 1921 2095 2013 praecipis
2114 1939 2180 1992 nu·

1358 2069 1457 2124 mero
1485 2052 1545 2145 qui
1573 2051 1705 2134 transit,
1735 2057 1770 2124 at
1797 2049 2001 2131 custoditur,
2031 2053 2067 2120 et
2083 2065 2182 2140 prae

1360 2197 1461 2271 paras
1489 2177 1719 2250 diversorium
1739 2177 1782 2251 iis
1801 2179 1863 2268 qui
1889 2177 1996 2250 futuri
2013 2182 2108 2249 suut
2130 2175 2181 2248 'lu

1360 2306 1553 2380 recordaris
1589 2303 1677 2378 initii
1705 2305 1802 2400 quod
1827 2305 1964 2388 iecisti,
1994 2313 2031 2378 et
2066 2303 2181 2395 pordi-

1350 2433 1491 2507 tionem
1519 2439 1622 2524 quae‘
1636 2433 1749 2506 lutura
1776 2440 1829 2506 est
1856 2451 1929 2506 nou
1943 2432 2178 2516 oblivisceris

1359 2563 1531 2654 praecipis
1556 2563 1593 2635 iu
1620 2562 1764 2636 nutibus
1796 2563 1931 2634 timoris
1958 2567 1994 2635 ιι
2018 2561 2178 2653 indigna·

1359 2691 1463 2765 tionis
1490 2685 1641 2764 dammis
1668 2697 1703 2762 ιι
1729 2694 1905 2762 mutantur
1931 2689 1969 2761 in
1996 2707 2116 2770 auras,
2147 2693 2181 2760 et

1358 2821 1396 2894 in
1414 2819 1522 2893 verbo
1541 2819 1671 2891 excitas
1690 2816 1787 2910 quod
1814 2835 1887 2890 non
1915 2823 1998 2900 erat,
2020 2823 2055 2890 et
2080 2823 2179 2890 lenes

1359 2945 1456 3038 quod
1486 2945 1644 3020 noudum
1670 2947 1766 3018 venit
1801 2947 1839 3020 iu
1865 2947 1991 3018 virtute
2028 2963 2177 3037 magna;

1359 3074 1485 3150 erudis
1506 3079 1681 3148 creaturas
1713 3075 1750 3146 in
1781 3073 2005 3165 intelligentia
2037 3081 2118 3158 tua,
2147 3079 2181 3148 ιι

1359 3201 1535 3291 sapientes
1562 3201 1647 3274 lacis
1675 3201 1779 3275 orbes
1807 3203 1985 3286 caelestes,
2015 3209 2055 3276 ut
2081 3203 2180 3276 mini

1362 3335 1473 3434 strant
1498 3331 1535 3401 in
1555 3307 1742 3402 ordinibus
1760 3329 1846 3404 suis.
1866 3330 2048 3404 Exercitus
2076 3331 2178 3402 innu-

1360 3457 1545 3532 merabiles
1572 3460 1684 3530 astam
1711 3475 1828 3532 coram
1855 3464 1901 3541 ιι,
1922 3464 1957 3531 ιι
1983 3459 2180 3531 ministrant

1360 3587 1398 3658 in
1416 3585 1599 3660 ordinibus
1618 3585 1693 3658 suis
1712 3587 1829 3677 quiete
1847 3585 1891 3658 ad
1918 3591 2041 3658 nutum
2069 3591 2178 3658 ιιιιιιιι.

1343 3713 1452 3786 ‚Audi
1479 3731 1619 3786 serrum
1648 3698 1746 3785 tuum
1775 3721 1809 3787 et
1844 3713 1987 3787 intende
2014 3713 2179 3804 depreca-

1361 3841 1493 3914 tionem
1521 3859 1646 3914 meam.
1675 3841 1762 3928 Quia
1788 3842 1826 3914 in
1854 3841 1993 3916 modico
2025 3847 2179 3930 tempore

1363 3969 1435 4041 nati
1461 3987 1596 4052 sumus,
1626 3976 1660 4042 et
1686 3969 1723 4042 in
1754 3976 1911 4062 tempore
1938 3968 2076 4043 modico
2105 3987 2179 4042 mu·

1362 4104 1486 4172 tamur.
1515 4096 1618 4187 Apud
1645 4103 1679 4170 ιι
1707 4103 1821 4170 autem
1847 4097 1955 4170 borae
1982 4097 2073 4170 siem
2101 4104 2182 4170 tem

1363 4245 1442 4318 pus,
1464 4233 1499 4300 et
1525 4225 1601 4298 dies
1628 4225 1720 4298 sicut
1746 4207 2000 4317 generationes.
2020 4223 2070 4298 No
2098 4241 2181 4315 ergo

1363 4353 1524 4427 irascaris
1544 4357 1664 4426 contra
1682 4350 1872 4436 bominem,
1902 4353 1984 4444 quia
2010 4351 2100 4424 nibil
2116 4358 2181 4434 est

1362 4497 1478 4574 neque
1496 4481 1667 4572 recogites
1695 4498 1800 4572 opera
1826 4485 1957 4554 nostra.
1978 4479 2070 4568 Quid
2088 4481 2182 4553 euim

1363 4627 1486 4684 sumus
1513 4611 1616 4682 nost.
1640 4609 1730 4682 licea
1758 4609 1851 4682 enim
1879 4607 1973 4680 dono
2002 4615 2062 4681 tun
2090 4610 2183 4682 reni·

1363 4755 1442 4810 mus
1470 4736 1507 4808 iu
1533 4735 1715 4830 mundum,
1737 4743 1771 4810 ιι
1797 4733 1934 4810 abimus
1962 4737 2041 4810 sina
2058 4737 2181 4810 volun·

1362 4869 1431 4938 tate
1458 4870 1588 4937 nostra.
1620 4864 1697 4938 Non
1725 4865 1818 4938 enim
1847 4864 1999 4939 diximus
2026 4865 2182 4958 patribus

1362 4991 1515 5064 nostris:
1543 4991 1680 5083 dignito
1708 5009 1786 5076 noe,
1815 5009 1932 5084 noque
1950 4994 2113 5069 misimus
2140 4991 2183 5064 ad

1362 5119 1548 5204 internum,
1569 5127 1604 5194 et
1622 5121 1793 5196 diximus:
1821 5121 1948 5211 ilecipe
1976 5139 2055 5196 nos.
2075 5122 2183 5208 Quae·

1362 5265 1444 5322 nam
1472 5265 1555 5340 ergo
1574 5249 1684 5322 virtus
1709 5255 1840 5352 nostra,
1860 5255 1898 5322 ut
1915 5249 2068 5322 ieramus
2095 5251 2180 5322 iram

1363 5381 1484 5451 tuami
1510 5377 1578 5452 Αιιι
1605 5379 1691 5474 quid
1717 5397 1852 5463 sumus,
1881 5384 1919 5451 ut
1946 5379 2180 5452 sustineamus

1359 5507 1529 5598 judicium
1549 5511 1675 5582 tuumt
1694 5509 1745 5582 Τιι
1762 5515 1906 5600 protege
1924 5525 1993 5582 nos
2011 5508 2049 5580 in
2066 5505 2178 5580 mise-

1362 5635 1513 5710 ricordia
1536 5641 1606 5720 tua,
1626 5642 1661 5710 et
1678 5637 1714 5710 in
1733 5637 1955 5710 miseratione
1982 5643 2040 5709 tua
2059 5633 2178 5727 adjura

1322 5773 1326 5780 '
1363 5781 1443 5842 uos»
1471 5765 1619 5858 Respice
1646 5767 1682 5840 in
1701 5766 1849 5858 pusillos
1861 5766 1927 5858 oui
1945 5761 2094 5856 subjecti
2110 5761 2178 5836 lue
