4594 6452
891 251 1077 326 ...85-

116 407 199 476 rnnt
225 400 299 485 tibi,
321 405 356 474 et
381 399 475 474 salva
503 365 625 474 omnes
653 402 935 494 appropinquan-

115 535 170 602 tes
189 529 262 612 tibi,
292 547 408 620 neque
435 528 569 601 auferas
597 545 696 620 spem
725 530 847 621 populi
874 530 937 616 tui,

115 673 234 747 neque
273 655 433 730 succidas
469 661 624 746 tempora
665 655 826 748 adjutorii
871 675 936 730 no·

115 783 193 856 stri.
220 775 292 856 'llic
324 789 376 858 est
408 784 501 856 enim
537 785 688 874 populns
722 802 826 876 quem
867 785 936 860 ele·
980 839 989 848 .

114 911 209 1000 gissi,
230 917 264 983 el
281 909 318 983 bi
344 918 427 986 sunt
443 913 606 1004 populns,
627 913 684 988 oui
701 929 775 984 nou
801 913 937 985 invenis

114 1038 279 1112 similem.
309 1040 380 1114 Sed
407 1041 531 1131 loquar
558 1045 637 1114 ante
655 1045 689 1113 le
710 1057 816 1124 nunc,
837 1046 871 1112 et
889 1037 939 1114 di·

113 1186 193 1239 caru
231 1167 411 1258 quomodo
440 1171 566 1260 cogitat
593 1186 654 1241 cor
681 1185 809 1240 meum.
838 1167 876 1240 ln
905 1172 938 1240 te

114 1295 338 1378 confidimus,
360 1295 441 1386 quia
457 1314 551 1370 ecce
569 1295 625 1368 lex
652 1302 710 1369 tua
729 1293 822 1384 apud
849 1311 935 1376 nos,

113 1429 149 1496 et
178 1425 310 1498 scimus
341 1424 522 1515 quianon
560 1421 724 1496 cademus
752 1428 937 1511 qnantum·

113 1567 269 1642 cumque
287 1552 486 1624 sanctiones
504 1558 582 1624 tuas
601 1555 773 1624 tenemus.
794 1551 940 1642 Semper

113 1675 210 1750 beati
225 1679 355 1752 erimus
374 1679 497 1752 sallem
511 1679 548 1750 in
566 1678 633 1750 boc
649 1675 746 1768 quod
759 1693 832 1749 uon
847 1693 939 1748 oom-

115 1805 213 1878 misti
231 1823 354 1878 sumus
381 1823 460 1878 curn
480 1804 655 1896 gentibus.
685 1803 815 1876 Omnes
844 1802 937 1874 enim

114 1949 241 2006 sumna
259 1951 352 2005 uuus
366 1933 518 2024 populus
537 1933 748 2015 nominatus,
765 1931 825 2022 qni
844 1949 939 2004 acce-

114 2062 233 2154 pimns
260 2062 372 2152 legem
401 2079 504 2136 unam
532 2059 734 2144 abundet
760 2061 827 2144 lex,
849 2077 938 2152 qnae

114 2195 171 2262 cst
197 2190 288 2263 iuter
305 2163 394 2272 nos.
404 2187 579 2280 adiuvabit
605 2207 682 2272 nos,
710 2193 744 2262 et
770 2187 939 2278 sapientia

114 2319 303 2402 excellens,
325 2335 414 2409 quae
437 2323 492 2390 cst
518 2317 555 2390 iu
583 2315 698 2400 nobis,
719 2314 938 2388 auxiliabitur

114 2441 231 2518 nobis.
242 2445 284 2517 lit
296 2463 375 2518 cum
390 2463 546 2548 orassem
559 2421 595 2518 et
608 2443 777 2516 dixissem
792 2444 868 2525 ista,
880 2441 938 2515 do·

113 2571 270 2644 bilitatus
289 2589 368 2644 sum
386 2571 498 2644 valde.
519 2571 560 2644 lit
587 2569 778 2664 respondit,
799 2576 833 2643 et
851 2569 939 2642 dixit

114 2699 218 2772 mibi:
245 2699 295 2772 Tu
322 2695 525 2792 simpliciter
543 2701 660 2782 orasti,
689 2719 710 2772 o
737 2695 882 2780 Barucb,
904 2701 938 2768 el

116 2829 278 2902 exaudita
298 2829 514 2902 sunromnia
533 2829 637 2902 rerba
656 2833 724 2900 tua.
750 2825 821 2898 Sed
837 2823 937 2915 judi·

117 2956 212 3030 cium
231 2973 347 3028 meum
368 2956 514 3047 requirit
532 2973 647 3037 snum,
664 2960 699 3028 et
715 2955 773 3026 lex
791 2971 869 3026 mea
887 2969 939 3026 re·

116 3083 224 3176 quirit
236 3071 296 3174 ¹jus
323 3100 438 3156 soum.
468 3083 520 3155 lix
539 3081 654 3156 verbis
682 3063 751 3155 tuis
770 3085 863 3156 enim
882 3102 937 3156 re·

116 3212 300 3304 spondebo
310 3211 430 3295 tibist
444 3229 489 3286 ex
498 3211 652 3284 oratione
662 3216 718 3283 tua
729 3212 852 3302 loquar
864 3211 937 3284 tibi.

117 3343 236 3432 lpsum
250 3340 344 3414 enim
354 3345 410 3412 est
421 3338 526 3421 istud,
539 3336 634 3430 quod
647 3356 869 3430 nequaqnam
885 3343 940 3412 est

117 3468 251 3559 aliquid
269 3469 326 3542 ille
340 3467 400 3559 qui
420 3471 673 3558 corrumpetur,
690 3473 725 3538 ot
743 3467 849 3555 impio
869 3465 939 3558 egit

117 3597 209 3669 sicut
239 3597 300 3688 qui
330 3601 446 3687 potest
477 3594 590 3668 iacere
621 3593 773 3686 aliquid,
798 3601 834 3667 et
864 3613 938 3667 non

118 3729 173 3796 ost
199 3721 401 3797 recordatus
418 3722 668 3814 benignitatem
688 3730 793 3805 tuam,
814 3727 848 3794 et
866 3739 938 3796 uon

119 3851 274 3942 suscepit
313 3852 608 3942 longanimitatem
646 3855 751 3922 tuam.
795 3849 940 3940 Propter

120 3979 187 4052 boc
206 3985 406 4069 assumptus
433 3977 636 4060 assumeris,
665 3977 755 4050 sicut
781 3975 938 4067 praediri

119 4105 193 4189 tibi,
223 4113 257 4178 et
284 4109 378 4180 ronit
404 4113 542 4199 tempus
571 4104 666 4198 quod
693 4105 766 4178 diri
794 4105 867 4178 tibi.
897 4105 939 4178 lit

119 4239 239 4325 surget
274 4234 359 4308 illud
397 4241 535 4327 tempus
573 4231 786 4308 tribulatum.
814 4233 940 4306 Veniet

120 4362 214 4436 enim
234 4369 267 4436 et
284 4361 486 4455 praeteribit
512 4363 548 4436 iu
577 4355 707 4454 impetu
727 4359 935 4444 vehementi,

120 4493 156 4561 et
183 4489 447 4563 conturbabitur
474 4491 619 4564 venicus
647 4491 682 4562 in
710 4489 825 4562 lurore
853 4488 940 4562 iudi-

120 4619 306 4709 gnaliouis.
339 4619 381 4692 lit
409 4621 474 4692 erit
500 4621 536 4693 iu
564 4619 632 4692 illis
652 4617 777 4693 diebus
805 4619 941 4710 requie·

120 4753 220 4820 scent
247 4765 370 4821 omnes
398 4747 608 4822 habitatores
636 4755 747 4847 terrae
776 4765 939 4822 unussu·

120 4889 184 4962 per
202 4875 360 4958 alterurn,
381 4875 463 4966 qnia
481 4877 639 4949 nescient
657 4877 737 4967 quia
757 4875 956 4976 appropio-¹

120 5002 240 5092 quam
263 4999 434 5091 judicium
462 5021 591 5076 meum.
619 5003 696 5076 Nou
721 5003 813 5076 enim
843 5003 940 5076 multi

120 5129 296 5220 sapientes
324 5127 541 5222 reperientur
566 5131 603 5202 io
631 5129 690 5202 illo
718 5135 885 5220 tempore,
907 5135 942 5204 et

120 5257 354 5348 intelligentes
381 5257 577 5348 singulares
604 5257 710 5348 aliqui
737 5263 850 5332 erunt.
870 5255 942 5330 Sed

121 5386 225 5458 ctiam
244 5385 306 5476 qni
323 5384 447 5468 scient,
466 5384 617 5458 maximo
636 5383 880 5458 conticescent.
899 5383 942 5456 lit

121 5519 226 5586 erunt
244 5531 404 5588 mmores
423 5513 522 5588 multi
540 5519 575 5587 et
592 5514 711 5586 nuncii
735 5531 806 5586 non
824 5513 940 5604 pauci,

121 5647 156 5714 et
189 5659 295 5734 opera
329 5641 589 5734 phantasiarum
625 5639 877 5724 ostendentur,
906 5647 941 5716 et

121 5769 376 5848 enamabuntur
400 5771 655 5866 pmmissionos
682 5787 754 5846 uon
785 5785 937 5862 paucae,

1029 418 1177 494 quarum
1197 399 1283 472 aliae
1301 417 1420 482 ranae,
1442 404 1477 472 et
1490 399 1579 472 aliae
1597 397 1851 474 confirmabun-

1028 535 1095 604 tur.
1114 531 1157 602 El
1184 533 1405 602 convertetur
1422 525 1537 600 bonor
1555 527 1591 600 in
1610 519 1850 618 ignominiam,

1028 663 1064 732 et
1094 655 1332 730 humiliabitur
1364 654 1471 728 robur
1506 656 1553 764 in¹
1581 661 1847 746 contemptum,

1029 792 1064 858 et
1091 783 1300 858 dissolvetur
1327 783 1483 868 firmitas,
1505 791 1539 856 et
1565 783 1763 874 pulcritudo
1788 785 1853 858 erit

1027 915 1065 986 in
1093 912 1309 1003 despectum.
1337 912 1380 983 El
1406 911 1523 986 dicent
1551 911 1649 982 multi
1677 911 1794 984 multis
1814 911 1850 985 iu

1027 1041 1088 1113 illo
1107 1046 1284 1130 tempore:
1314 1039 1458 1112 Ubinam
1479 1037 1662 1111 occultavit
1680 1055 1719 1111 se
1739 1039 1852 1115 molti·-

1027 1167 1113 1241 tudo
1140 1167 1407 1258 intelligentiae,
1436 1173 1472 1240 et
1498 1185 1568 1257 quo
1597 1166 1851 1258 transmigrarit

1028 1295 1213 1368 multitudo
1242 1294 1457 1383 sapientiae?
1484 1294 1526 1365 lit
1544 1292 1628 1366 dum
1656 1295 1725 1385 ipsi
1744 1311 1848 1386 repu-

1027 1423 1149 1498 tabunt
1175 1425 1251 1506 ista,
1273 1429 1354 1496 tnnc
1374 1423 1550 1496 exorietur
1577 1423 1674 1496 zelus
1694 1423 1729 1495 in
1757 1423 1848 1506 illos,

1028 1551 1072 1626 dc
1100 1551 1228 1644 quibus
1257 1569 1329 1624 non
1352 1550 1529 1641 putabant,
1561 1556 1595 1624 et
1621 1551 1739 1642 passio
1760 1569 1852 1624 com·

1027 1681 1222 1774 prehendet
1249 1699 1329 1752 eum
1362 1679 1421 1770 qui
1454 1679 1662 1772 tranquillus
1691 1685 1788 1764 erat,
1818 1688 1853 1755 et

1028 1807 1340 1882 commovebuntur
1360 1808 1457 1880 multi
1485 1809 1521 1880 in
1546 1808 1608 1890 ira,
1632 1803 1676 1878 'ut
1703 1781 1853 1882 noceant

1029 1937 1171 2018 multis,
1202 1941 1236 2008 et
1272 1934 1473 2008 ereiubuul
1500 1935 1672 2040 enercitus
1709 1941 1748 2008 ut
1774 1936 1851 2008 lun·

1028 2063 1112 2136 daut
1138 2063 1357 2153 sanguinem,
1379 2068 1413 2134 et
1431 2081 1510 2134 cum
1531 2063 1581 2135 eis
1601 2063 1637 2136 iu
1656 2061 1727 2137 line
1745 2063 1851 2138 simul

1028 2171 1203 2280 peribunt.
1233 2189 1274 2260 ut
1301 2189 1366 2261 erit
1393 2189 1430 2260 id
1457 2189 1516 2261 illo
1545 2193 1714 2281 tempore,
1744 2209 1848 2284 appa·

1027 2315 1118 2388 rebit
1136 2315 1317 2388 manifeste
1338 2315 1432 2390 omui
1452 2315 1745 2392 bomiuimntatio
1763 2313 1850 2392 tem-

1027 2462 1164 2536 porum,
1184 2461 1248 2535 pro
1268 2443 1421 2535 eoquod
1440 2444 1476 2515 in
1496 2444 1659 2518 omnibns
1677 2445 1754 2520 istis
1768 2451 1853 2520 tem·

1028 2571 1173 2664 poribus
1193 2565 1517 2644 contaminabantur
1536 2577 1570 2644 et
1596 2567 1850 2664 opprimebant,

1028 2708 1063 2776 et
1093 2699 1313 2774 ambulabant
1341 2699 1586 2790 unusquisqne
1618 2699 1654 2772 in
1687 2679 1852 2791 operibus

1026 2830 1112 2912 suis,
1142 2835 1177 2902 et
1203 2829 1315 2920 legem
1334 2829 1446 2901 Fortis
1473 2845 1544 2902 uon
1568 2829 1848 2904 recordabantur.

1026 2955 1172 3048 Propter
1190 2957 1257 3030 boc
1284 2955 1375 3048 ignis
1395 2955 1620 3048 cogitationes
1649 2976 1773 3050 corum
1793 2958 1853 3033 de·

1025 3083 1170 3168 vorabit,
1187 3091 1222 3158 et
1235 3085 1271 3157 in
1290 3085 1428 3158 llamma
1443 3085 1733 3174 examinabuntur
1748 3105 1852 3161 curae

1026 3231 1151 3286 renum
1176 3231 1310 3286 eornm.
1331 3213 1455 3286 Veniet
1481 3213 1574 3286 enim
1599 3213 1711 3303 judex
1730 3221 1764 3288 et
1782 3233 1854 3290 uon

1026 3339 1185 3414 tardabit.
1209 3339 1297 3426 Quia
1315 3339 1560 3431 unusquisque
1589 3359 1632 3412 er
1659 3340 1856 3415 habitatori·

1025 3465 1093 3540 bus
1116 3473 1227 3540 terrae
1255 3466 1388 3540 sciebat
1406 3485 1486 3540 oum
1520 3469 1639 3560 inique
1667 3454 1800 3560 agebat,
1821 3477 1854 3544 el

1026 3593 1139 3686 legem
1159 3611 1271 3667 meam
1292 3612 1362 3668 non
1381 3603 1554 3669 noverunt
1573 3603 1714 3688 propter
1733 3617 1855 3696 super·

1026 3721 1121 3794 biam
1140 3738 1250 3794 snam.
1269 3721 1363 3794 ldulti
1383 3729 1498 3795 aulem
1514 3730 1596 3797 tnnc
1612 3724 1746 3798 llebuut
1759 3745 1851 3810 rere,

1028 3867 1135 3941 super
1162 3851 1461 3924 viventesentem
1488 3853 1598 3944 magis
1618 3872 1722 3946 qnam
1746 3873 1854 3946 snper

1029 3983 1196 4051 mortuos.
1225 3978 1266 4052 lit
1293 3979 1458 4071 respondi
1487 3987 1521 4054 et
1540 3979 1627 4055 diri:
1648 3981 1676 4054 0
1696 3983 1785 4074 guid
1803 3983 1852 4057 le·

1030 4105 1107 4176 cisti
1126 4103 1235 4178 Adam
1256 4107 1420 4181 omnibus
1441 4109 1540 4201 quia
1567 4115 1601 4184 to
1620 4113 1726 4202 geniti
1749 4117 1851 4186 sunit

1029 4233 1071 4304 lct
1089 4235 1174 4327 quid
1192 4235 1326 4309 dicetur
1339 4235 1430 4312 Erae
1445 4239 1576 4328 primae
1591 4257 1681 4331 qnae
1700 4241 1853 4332 serpenti

1030 4359 1227 4434 obaudivit?
1246 4363 1334 4450 Quia
1347 4363 1433 4438 baec
1450 4371 1517 4438 tota
1531 4365 1714 4440 mullitudo
1733 4368 1794 4442 ivit
1807 4368 1852 4442 ad

1030 4495 1252 4574 tormentum,
1281 4509 1397 4583 neque
1416 4499 1469 4566 est
1497 4511 1664 4569 uumerus
1692 4497 1744 4570 eis
1763 4515 1853 4590 qnos

1029 4617 1120 4708 ignis
1138 4616 1290 4692 devorat.
1308 4619 1378 4694 Sed
1393 4621 1518 4693 iterum
1537 4621 1661 4714 loquar
1675 4643 1791 4697 coram
1808 4632 1851 4699 te.

1031 4743 1093 4828 lu,
1115 4743 1312 4818 dominator
1329 4745 1487 4836 bomine,
1508 4749 1577 4822 scis
1601 4749 1774 4842 quidquid
1801 4759 1855 4826 est

1030 4873 1067 4946 in
1088 4879 1242 4946 creatura
1271 4879 1339 4946 tua.
1361 4872 1411 4947 Tu
1430 4875 1523 4948 enim
1543 4875 1624 4948 olim
1644 4877 1854 4970 praecepisti

1015 4991 1164 5091 'pulveri
1184 5007 1222 5072 ut
1249 5001 1345 5074 daret
1361 5001 1483 5085 Adam,
1513 5008 1548 5076 et
1571 5010 1608 5077 tu
1636 5006 1706 5080 scis
1734 5023 1855 5080 numa

1032 5145 1110 5200 rum
1139 5147 1259 5202 eorum
1287 5131 1347 5222 qni
1375 5129 1419 5204 ab
1439 5149 1481 5204 eo
1509 5133 1616 5224 geniti
1641 5120 1802 5218 inarnulJ
1820 5142 1855 5209 et

1031 5263 1199 5348 quantum
1214 5267 1444 5348 peccaverunt
1458 5279 1574 5334 coram
1590 5267 1624 5336 te
1639 5261 1688 5336 illi
1702 5263 1763 5354 qui
1782 5263 1855 5340 lue·

1030 5391 1121 5468 runt,
1155 5391 1189 5458 et
1220 5403 1289 5458 non
1324 5387 1474 5462 conlassi
1508 5395 1590 5462 suut
1622 5396 1656 5464 tc
1688 5389 1853 5464 lectorem

1029 5531 1145 5588 suum.
1175 5513 1217 5588 ur
1235 5513 1278 5588 de
1297 5513 1353 5590 bis
1372 5517 1537 5592 omnibns
1556 5517 1637 5594 bnis
1656 5537 1778 5592 eorum
1798 5537 1852 5594 ro·

1030 5641 1176 5734 darguet
1199 5661 1271 5727 eos,
1293 5649 1327 5718 et
1352 5645 1411 5720 lex
1439 5653 1495 5718 lua
1514 5664 1619 5738 poam
1646 5649 1854 5742 transgressi

1030 5777 1123 5856 suut,
1144 5772 1311 5848 retribuet
1324 5775 1392 5850 illis
1412 5775 1448 5850 iu
1468 5775 1525 5851 die
1539 5779 1610 5852 tuo.
1626 5775 1724 5854 Nunc
1737 5783 1851 5852 autem
