4706 6420
334 717 474 823 4444ο

359 823 426 874 tha
498 857 512 882 0

1236 227 1416 294 ..49-

460 357 633 470 44434444
677 381 864 484 luridae
895 411 942 490 ,a
983 409 1067 466 wot
1096 381 1182 468 hac
1211 387 1281 484 494

461 594 495 662 ·:·
527 494 733 666 44444
894 493 903 512 ’
1020 497 1032 517 ’

458 901 639 1022 644444Β
689 898 846 1024 desa
897 923 989 1026 44,»
1024 901 1175 1058 [aar
1231 913 1282 1012 ta

476 1037 488 1058 ο
573 1036 585 1056 .
984 1113 1008 1163 4·
1023 1082 1157 1206 ἆιοῑὰό
1173 1113 1197 1163 ·:·
1223 1105 1237 1150 ³

892 1242 1035 1337 tenso
1059 1240 1082 1332 ll
1110 1267 1198 1322 ,aa
1223 1265 1237 1309 ⁴

1022 1427 1046 1474 ·:·
1062 1415 1149 1478 Looa

688 1559 849 1684 hedewih
876 1568 956 1650 44444
981 1557 1156 1652 44444444
1172 1583 1197 1634 ·:·
1223 1575 1261 1637 ⁶.

656 1741 679 1788 ·:·
696 1715 846 1808 cea»
870 1707 945 1792 «44
971 1713 1030 1808 aa
1055 1713 1078 1804 4
1104 1747 1146 1827 ,2

1009 1897 1033 1947 ·:·
1049 1863 1156 2005 [hasa
1172 1897 1195 1946 ·:·
1221 1888 1235 1932 ⁶

458 2116 533 2202 plici
557 2115 685 2184 4444444
709 2117 900 2203 synonymis
932 2117 1000 2186 lere
1021 2118 1157 2188 vocibus
1181 2139 1281 2190 unam

456 2247 571 2298 rocem
584 2230 778 2298 llehraicam
790 2229 986 2314 reddidisse,
1004 2249 1202 2318 quamquam
1214 2251 1282 2302 am-

457 2343 518 2411 hae
543 2359 615 2410 eam
639 2343 779 2412 reddant
801 2345 896 2413 hene.

503 2454 583 2523 lhid.
616 2457 876 2520 εταπεινωσαν
906 2459 1026 2540 docnt
1042 2495 1084 2510 -
1106 2460 1178 2548 44.·
1205 2463 1279 2528 oili-

456 2567 630 2653 peoderuot
652 2587 737 2636 eom:
760 2571 864 2658 Sym:
887 2581 1113 2640 commoratum
1134 2592 1223 2642 eom:
1247 2583 1280 2644 et

459 2699 560 2770 marg.
570 2682 1007 2774 ch.m.:ttttttdodtdvrt1t
1016 2703 1090 2754 cum
1099 2688 1279 2772 llllmarg,

459 2800 518 2880 22,
544 2799 601 2880 48,
626 2800 681 2880 44,
706 2801 764 2882 62,
790 2801 845 2883 96,
862 2803 939 2882 234,
961 2800 1062 2868 Clem.
1080 2800 1183 2884 4444,
1202 2803 1278 2868 444.

458 2909 584 2980 Eodem
608 2912 760 2981 recidunt
784 2932 900 2982 omnes
923 2921 957 2982 et
981 2931 1056 2982 cum
1079 2913 1178 2982 llehr.
1200 2933 1281 2984 con-

459 3024 617 3093 sentiunt.
644 3029 819 3096 Caeterum
835 3028 933 3097 lectio
950 3027 1064 3096 ultima
1080 3028 1113 3096 iu
1135 3029 1282 3113 margine

461 3137 541 3206 (lod.
563 3141 779 3233 praeponitur
794 3143 882 3212 lectt.
896 3143 954 3230 44.
972 3149 1006 3211 44
1022 3143 1110 3227 Sym.
1128 3161 1169 3210 44
1185 3142 1283 3228 spatii

461 3253 672 3336 oeconomia,
702 3255 761 3323 sed
785 3256 884 3326 index
909 3255 1081 3326 remittens
1105 3262 1182 3342 post
1211 3256 1283 3324 illas

459 3363 617 3446 retrahit;
643 3366 773 3436 diverso
798 3369 887 3438 enim
910 3369 1018 3438 indice
1042 3369 1177 3455 regitur.

508 3475 589 3545 lbid.
616 3461 805 3554 limum:
828 3465 890 3558 444
906 3491 929 3540 ·:·
948 3483 982 3550 in
1005 3501 1119 3552 rasura
1144 3483 1283 3569 scripta,

462 3591 567 3678 prima
596 3601 706 3662 444444
733 3613 851 3678 mauu,
884 3603 921 3665 ut
948 3603 1040 3682 puto.
1071 3599 1135 3664 Pro
1160 3599 1283 3658 9444444

459 3723 536 3775 4444
562 3709 682 3792 Syrum
706 3727 747 3778 44
772 3729 829 3779 444
855 3729 930 3780 cum
946 3729 1037 3797 seqq.
1056 3712 1196 3780 testibus
1212 3727 1283 3779 ma-

456 3817 521 3904 iori
545 3819 596 3906 vel
619 3819 740 3890 minori
765 3824 962 3911 cognatione
978 3823 1099 3910 legisse
1116 3825 1216 3893 credo
1233 3829 1283 3903 444

461 3932 513 3993 ist
535 3935 678 4026 ortdo3
702 3944 781 4005 sunt
804 3943 915 4006 autem
939 3938 1000 4020 444,
1025 3940 1101 4020 llll,
1130 3939 1192 4021 22,
1220 3938 1283 4020 23,

460 4045 516 4127 26,
540 4045 595 4130 36,
621 4049 674 4131 49,
700 4052 755 4134 64,
780 4052 838 4134 62,
856 4051 912 4138 86,
929 4054 983 4134 87,
1001 4053 1060 4136 88,
1086 4053 1141 4132 90,
1157 4053 1212 4132 94,
1230 4050 1285 4132 96,

464 4159 538 4241 447,
563 4161 648 4244 228,
673 4163 750 4244 234,
776 4165 858 4247 299,
884 4165 1031 4250 compl,
1056 4164 1147 4250 hld,
1172 4163 1282 4230 44444

461 4270 538 4340 huic
561 4271 694 4342 lectioni
718 4274 826 4342 innuit
851 4275 1066 4362 origenesin
1091 4279 1160 4345 (lat.
1186 4275 1283 4344 Ghis-

461 4385 552 4472 lerii,
584 4403 668 4472 quae
698 4385 809 4455 denuo
837 4387 924 4456 edita
948 4389 982 4457 in
1008 4391 1090 4475 opp.
1116 4389 1283 4475 origenis,

461 4521 502 4570 44
518 4501 638 4588 quihus
655 4503 715 4584 lll,
736 4502 819 4584 328,
840 4519 901 4570 444
917 4509 1064 4589 apertam
1088 4503 1282 4588 lectionem,

462 4615 575 4686 nescio
595 4623 704 4684 tamen
737 4631 803 4701 quo
835 4613 950 4698 titulo,-
984 4614 1104 4684 excitat
1127 4615 1284 4698 llolmes;

461 4745 537 4798 nam
565 4735 677 4798 tentus
705 4727 915 4814 praepositus
939 4727 1067 4798 scholio
1091 4729 1132 4798 ah
1156 4731 1284 4800 editore

461 4845 545 4912 44444
570 4849 639 4925 444,
664 4859 740 4910 cum
763 4840 873 4910 desint
896 4857 995 4910 44444
1012 4847 1145 4911 4444444
1161 4843 1196 4912 44
1213 4845 1282 4912 Cat.

461 4956 575 5040 Ghisl,
600 4973 641 5026 44
664 4974 728 5042 444
752 4955 856 5024 edidit
872 4955 1025 5040 Delarue,
1042 4963 1075 5024 44
1096 4962 1207 5025 444444
1227 4957 1283 5025 4444

461 5070 493 5138 44
519 5069 651 5138 Catenis
683 5075 826 5155 nequeat
853 5068 923 5136 dari
954 5085 996 5136 44
1027 5087 1140 5138 aarum
1172 5070 1284 5140 indole

462 5181 666 5252 scholiorum
690 5180 891 5251 auctoribus.
1250 5231 1252 5236 -

508 5305 563 5392 aa,
589 5301 621 5366 o,
641 5299 714 5358 ουκ
735 5271 906 5386 surculo
924 5331 965 5345 -
982 5305 1011 5363 er
1033 5315 1098 5364 aaa
1113 5273 1284 5387 44444444

464 5429 539 5480 cum
554 5413 655 5494 4444,
672 5409 778 5496 vulg,
796 5411 831 5477 P.
838 5434 848 5491 ;
872 5427 963 5476 mera
984 5407 1118 5478 libertas
1134 5410 1284 5481 vertendi

463 5523 535 5594 sine
559 5541 678 5592 sensus
702 5522 919 5592 detrimento:
946 5541 986 5590 44
1010 5527 1045 5590 P.
1070 5531 1152 5610 puto
1176 5525 1209 5592 in
1226 5541 1286 5592 no·

464 5643 567 5706 stram
590 5637 753 5731 invectam
776 5635 947 5721 copulam,
976 5653 1051 5703 cum
1076 5643 1190 5705 contra
1215 5638 1286 5724 4444

464 5765 591 5818 morem
624 5745 745 5816 situel
777 5746 810 5814 44
840 5747 891 5814 his
919 5747 1064 5816 minimis
1096 5769 1112 5816 a
1147 5749 1287 5819 testibus

464 5859 596 5962 Graecis
621 5860 776 5932 omnihus
798 5861 965 5931 recedere.

1376 371 1611 504 444449
1643 385 1863 521 opnor
1901 361 2014 522 lag
2051 387 2199 522 444»

1374 541 1598 685 «4444,
1621 542 1920 678 ,eumaem
1935 557 2200 700 ·teprtgsx

490 719 619 842 otker
660 739 753 882 Ν
796 765 890 871 >052
937 721 1066 846 033⁰!
1118 691 1353 887 lloltqss,
1374 745 1618 863 ornatam&
1650 769 1827 887 ⁰Not.»
1859 723 2076 828 3434444448
2104 722 2200 878 qs&

1376 900 1530 1027 ·rnsso

1419 2125 1472 2180 a...
1498 2123 1530 2189 8.
1555 2093 1747 2186 84440940
1767 2159 1810 2174 -
1835 2123 1910 2210 Ag:
1933 2123 2001 2192 ideo
2021 2125 2057 2192 io
2072 2143 2200 2212 soporo

1371 2243 1455 2300 tom:
1483 2235 1587 2322 Sym:
1611 2247 1788 2323 properea.
1822 2236 1936 2306 Lectio
1965 2238 2053 2322 Sym.
2084 2255 2199 2305 manca

1371 2345 1511 2429 videtur,
1536 2365 1612 2416 cum
1636 2355 1704 2416 tam
1728 2349 1855 2418 minuta
1871 2367 1933 2418 nec
1957 2367 2095 2418 sensum
2120 2353 2200 2422 ulla-

1371 2465 1468 2526 teuus
1493 2459 1665 2528 afficientia
1690 2461 1806 2530 referri
1829 2461 1863 2529 44
1887 2462 2036 2547 margine
2060 2481 2131 2531 non
2149 2483 2201 2533 so-

1372 2571 1470 2640 leant.
1504 2573 1673 2642 llehraeus
1706 2582 1739 2645 et
1767 2579 1853 2645 Lxx
1883 2583 1917 2645 et
1945 2583 2097 2645 caeteros
2127 2577 2199 2645 4444.

1372 2687 1421 2753 444
1444 2685 1496 2753 his
1519 2686 1611 2756 vides
1632 2689 1700 2773 jam
1725 2689 1893 2758 sublestae
1914 2689 1991 2758 fidei
2014 2708 2092 2760 esse
2117 2709 2200 2778 quae

1370 2797 1484 2866 Montl.
1509 2799 1627 2883 refert,
1653 2819 1737 2888 qarae
1761 2799 1850 2888 apud
1873 2821 1950 2871 eum
1975 2805 2102 2872 coulcr.

1418 2910 1499 2979 4444.
1524 2917 1575 2992 εις
1595 2889 1716 2978 44444
1733 2951 1776 2964 -
1793 2933 1911 3001 marg:
1927 2919 2051 3002 444444,
2069 2937 2202 2984 mcor.-

1374 3041 1459 3092 anne
1491 3041 1552 3109 per
1575 3043 1723 3095 errorem
1748 3026 1906 3096 tribuitur
1928 3027 1993 3096 hoc
2018 3046 2120 3098 omne
2145 3048 2201 3096 ro-

1376 3137 1469 3206 cihus
1493 3143 1543 3218 εις
1563 3115 1697 3222 color,
1723 3149 1755 3209 44
1779 3141 1878 3210 444444
1896 3141 2087 3228 Symmachi
2112 3161 2204 3230 prae-

1376 3251 1506 3321 cedenti
1530 3269 1679 3322 connexa
1703 3253 1737 3322 iu
1758 3253 1810 3324 his
1826 3255 1963 3325 rocihus
1980 3257 2202 3341 agnoscenda,

1376 3367 1572 3450 praesertim
1588 3385 1664 3436 cum
1677 3367 1863 3438 scribantur
1875 3369 1964 3437 char.
1977 3369 2202 3454 estrangheto.

1376 3479 1455 3546 dum
1480 3487 1595 3548 contra
1612 3481 1736 3549 scholia
1753 3488 1787 3550 et
1803 3481 1964 3550 lectiones
1982 3481 2149 3550 variantes
2172 3482 2203 3548 in

1376 3591 1439 3660 hoc
1463 3591 1548 3662 lihro
1565 3601 1599 3662 et
1615 3595 1743 3662 Bamch
1760 3611 1894 3680 semper
1909 3596 1961 3663 444
1977 3595 2047 3664 4444
2065 3595 2119 3664 444.
2137 3613 2204 3664 me-

1376 3705 1431 3772 dio
1448 3711 1649 3775 exarantur?
1665 3709 1704 3776 cl.
1722 3707 1871 3792 Baruch,
1888 3711 1916 3790 l,
1944 3711 1998 3792 44,
2014 3717 2086 3777 444.
2105 3712 2202 3795 Sym-

1375 3817 1512 3885 machus
1536 3819 1624 3904 apud
1639 3821 1754 3891 444444.
1779 3821 1813 3888 44
1837 3821 1927 3890 44444
1948 3821 1988 3890 ad
2014 3823 2148 3906 locum,
2173 3831 2205 3891 et

1379 3953 1412 4022 iu
1436 3955 1555 4022 Mooito
1579 3973 1619 4023 44
1639 3933 1771 4025 44444(
1808 3929 1846 4021 οἷ
1865 3931 1899 4016 Γ
1928 3926 2003 4044 >gb-4
2035 3961 2078 4046 (l.
2102 3925 2205 4050 χῦς,
2332 4025 2333 4044 ,

1379 4065 1513 4166 χωρις)
1538 4071 1748 4152 4444444494,
1772 4089 1856 4158 quae
1871 4075 1985 4144 ttontt.
2006 4075 2208 4162 interpreta-

1377 4167 1451 4228 tur:
1483 4160 1703 4246 Symmachum,
1736 4174 1798 4230 trca
1828 4164 2010 4253 interpretes
2030 4169 2207 4253 4444444444

1376 4276 1574 4342 &lateret
1595 4274 1716 4344 44444444.
1743 4277 1890 4346 obscura
1919 4295 1998 4348 sane
2022 4279 2086 4348 ista
2115 4289 2205 4348 sunt.

1376 4385 1515 4471 Quidni,
1531 4395 1569 4457 ut
1585 4392 1781 4456 44444404
1797 4391 1938 4460 reddare
1955 4398 2067 4480 potest
2090 4411 2206 4460 444444

1375 4516 1416 4568 44
1446 4516 1540 4567 more
1572 4501 1781 4588 Symmachi,
1817 4503 1939 4574 collato
1970 4505 2205 4586 Montlaunon,

1376 4615 1453 4680 tae.
1480 4613 1589 4680 Graec
1614 4613 1649 4680 ta
1671 4615 1769 4695 Hem,
1800 4615 1843 4683 ad
1865 4633 1964 4686 voces
1989 4621 2207 4698 4444444404,

1377 4725 1628 4807 ammom
1646 4725 1693 4794 sic
1710 4735 1819 4796 444444
1835 4730 1980 4798 44444444
1994 4731 2120 4818 adorto,
2138 4751 2207 4802 non
2331 4735 2332 4774 f

1375 4855 1459 4924 quae
1475 4839 1686 4908 hlontlaucon
1710 4840 1812 4925 dedit,
1835 4843 2031 4928 praesertim
2049 4863 2125 4914 eum
2144 4849 2206 4916 Co

1375 4949 1482 5019 dicem
1510 4951 1599 5021 hunc
1627 4960 1716 5022 tanta
1749 4972 1825 5023 cum
1853 4955 2067 5027 testinatione
2092 4959 2122 5027 is
2146 4979 2205 5028 44-

1376 5065 1554 5150 cerpserit,
1578 5075 1616 5136 ut
1639 5067 1738 5136 duhia
1763 5069 1972 5140 delectione
1996 5089 2064 5141 uon
2081 5073 2207 5158 impro
2330 5129 2331 5172 ,

1376 5179 1529 5248 habiliter
1545 5179 1671 5249 admitti
1689 5182 1843 5268 possint?
1859 5183 2038 5268 44444444,
2055 5187 2206 5274 Herenni,

1376 5295 1411 5360 T.
1436 5295 1482 5376 ll,
1507 5311 1539 5378 p.
1564 5293 1619 5361 86.
1646 5297 1713 5362 llac
1737 5295 1866 5364 ratione
1890 5296 1919 5364 si
1943 5297 2038 5366 locus
2062 5297 2205 5384 explice-

1376 5415 1441 5490 tur,
1458 5413 1550 5475 totus
1567 5406 1696 5476 dandus
1718 5415 1809 5478 esset
1826 5409 2025 5494 Symmacho
2049 5411 2083 5478 in
2100 5413 2207 5480 44444-

1376 5521 1494 5588 444444
1531 5528 1564 5588 44
1596 5519 1630 5587 44
1659 5522 1753 5606 Syro.
1783 5521 1818 5589 Si
1846 5522 1927 5592 haec
1955 5539 2023 5590 uon
2051 5523 2204 5608 placent,

1379 5631 1529 5700 scholion
1547 5631 1580 5699 44
1597 5633 1680 5717 syro
1697 5649 1932 5719 agnoscerem
1956 5635 2047 5721 quod
2071 5635 2206 5722 quidem

1379 5744 1508 5814 indoles
1525 5745 1596 5832 ipsa
1613 5747 1677 5816 loci
1693 5747 1835 5817 suadere
1850 5747 1992 5833 videtur,
2009 5749 2205 5836 praesertim

1381 5873 1457 5926 4444
1481 5857 1612 5928 difficile
1636 5860 1679 5928 sit
1703 5859 1854 5944 credere,
1884 5861 2118 5946 Symmachum
2142 5860 2203 5928 da-
