4594 6452
1233 165 1445 241 -Ηθ-

493 323 499 334 ’
523 315 567 402 x,
583 305 595 350 ¹
614 317 657 390 ttt
672 315 799 392 iactum
817 321 883 404 est,
903 319 985 391 eom
1001 315 1181 392 introisset
1196 316 1290 394 titios

469 459 572 522 meos
589 446 626 522 iu
644 445 833 520 thalamum
851 441 966 526 suum,
984 444 1122 528 oeoidit,
1143 449 1182 518 et
1195 463 1289 520 mor·

310 577 312 590 '
423 657 428 664 ,
470 579 555 650 tuoe
572 579 641 648 eet:
669 564 768 664 ’ego
787 579 902 648 eutem
920 572 1029 648 everti
1054 573 1227 658 internus.
1254 562 1301 648 ot'

469 706 698 776 surrexerunt
722 717 847 776 omues
873 700 969 776 eires
995 700 1064 776 mei
1092 700 1136 774 ad
1163 717 1288 780 oooso·

469 828 613 914 tondum
632 847 699 914 me,
719 835 754 902 et
771 847 838 920 ego
865 828 982 920 quievi
1004 845 1122 918 usque
1139 829 1178 902 iu
1196 827 1289 902 diem

468 955 700 1046 posteriorem
736 962 771 1028 et
800 973 914 1047 usque
949 955 986 1030 io
1021 962 1172 1030 ooomm
1207 947 1229 1021 ³·
1248 957 1291 1034 et

469 1090 654 1176 postquam
691 1083 951 1156 obdormissent
985 1101 1133 1169 omnes,
1159 1091 1197 1160 et
1223 1103 1289 1176 pu·

469 1218 595 1294 terent,
623 1211 849 1302 quodetiam
876 1229 942 1301 ego
968 1209 1226 1288 obdormirem:
1254 1217 1290 1290 et

471 1339 610 1412 surrexi
636 1344 750 1422 noete,
771 1345 813 1414 et.
831 1337 920 1429 tupi:
947 1343 983 1410 et
1001 1339 1080 1412 reni
1098 1339 1190 1414 sieut
1207 1355 1289 1415 seeo

470 1464 569 1540 rides
587 1465 624 1538 in
643 1465 739 1538 huno
756 1483 933 1556 eampum:
954 1453 1017 1538 *ot
1031 1465 1145 1554 oopito
1162 1464 1289 1538 iterum

471 1609 543 1668 uon
561 1592 699 1686 ingredi
718 1593 755 1665 in
774 1593 968 1676 ciuitatem,
996 1591 1064 1666 sed
1087 1569 1145 1667 hio
1172 1593 1288 1666 eonsi-

470 1725 583 1805 stere;
613 1725 648 1792 et
674 1737 747 1792 noo
771 1719 992 1802 menduoere,
1021 1737 1137 1809 oeque
1154 1717 1288 1802 omero.

469 1843 536 1920 sed
560 1845 638 1918 siue
663 1845 923 1920 intermissione
949 1862 1028 1920 esee
1044 1847 1234 1938 ingentem,
1256 1850 1291 1919 et

402 1983 409 1989 ·
465 1953 681 2066 jejunantem
698 1991 813 2064 usque
831 1971 914 2044 dum
934 1973 1073 2047 morter.

473 2150 477 2162 .
520 2088 619 2190 “Ego
633 2105 748 2172 eutem
762 2099 934 2190 dereliqui
947 2099 1174 2189 eorttutoues
1192 2116 1289 2173 mese

447 2215 557 2328 'ques
576 2225 779 2318 oopitebem,
800 2233 834 2300 et
851 2223 1019 2318 respondi
1038 2226 1075 2298 iu
1096 2225 1286 2308 ireoundio,

469 2359 505 2428 et
532 2353 603 2426 dixi
630 2351 675 2424 od
693 2371 781 2436 eom,
810 2342 948 2430 ‘Valde
973 2351 1135 2434 stolone
1164 2351 1289 2434 mulier

469 2496 577 2570 super
595 2497 717 2552 omnes
745 2479 922 2564 mulieres,
950 2497 1069 2552 noune
1093 2477 1191 2564 rides
1218 2478 1289 2552 luo

468 2613 543 2682 tum
571 2605 741 2708 nostrum,
762 2611 796 2678 et
814 2623 904 2696 quoe
921 2603 1025 2680 uobis
1043 2605 1289 2696 contigerunt?

465 2721 484 2765 ⁷
502 2733 672 2836 Quoniam
700 2749 782 2806 eeoe
801 2721 887 2805 Sion
907 2741 1015 2806 metm
1032 2738 1192 2804 nostrum
1212 2748 1288 2804 om·

468 2857 567 2932 nium
592 2859 630 2932 io
656 2859 792 2933 tristitie
820 2859 1066 2942 metumtot
1091 2859 1128 2932 in
1151 2846 1289 2932 humiti-

467 2989 537 3059 ste
563 3003 687 3075 meroe
712 2984 892 3060 humiliate
913 2991 978 3060 ost
1016 2975 1146 3060 8Nune
1173 2991 1288 3060 eutem

465 3115 587 3206 lugere
606 3117 765 3204 oportet,
795 3129 919 3203 omues
946 3129 1013 3189 nos
1039 3112 1223 3202 lugemus:
1249 3117 1288 3184 tu

469 3242 563 3316 enim
582 3241 798 3316 contristeris
820 3257 927 3332 super
943 3239 1015 3314 ouo
1034 3257 1117 3324 uno,
1137 3257 1204 3312 nos
1231 3257 1289 3312 uu·

467 3374 538 3442 tem
565 3374 658 3442 totus
685 3367 866 3454 mondus?
894 3365 1002 3460 super
1019 3373 1128 3442 metro
1155 3373 1286 3440 nostre.

468 3485 676 3588 ’Interroga
706 3499 821 3604 eutem
851 3502 991 3578 terrem,
1026 3500 1060 3584 et
1086 3493 1178 3568 dioet
1204 3493 1287 3568 tihi:

468 3623 634 3714 quonism
666 3623 742 3712 ipsa
774 3622 880 3698 debet
908 3623 1048 3713 lugere,
1082 3623 1164 3712 quie
1190 3621 1288 3696 multi

467 3755 551 3822 suut
569 3751 630 3842 qui
647 3749 788 3824 inerunt
805 3767 912 3840 super
929 3767 1018 3824 eom.
1048 3738 1078 3786 ¹⁰
1094 3749 1137 3822 lit
1163 3748 1206 3822 eh
1224 3747 1289 3822 iuis

466 3875 516 3950 tio
534 3894 658 3950 omnes
676 3876 738 3970 qui
763 3875 905 3952 inerunt
927 3895 1034 3968 super
1051 3894 1143 3969 pem,
1169 3883 1204 3950 et
1230 3875 1288 3950 aut

468 4003 531 4094 qui
548 4003 709 4085 venient,
738 4020 819 4078 eeoe
835 4020 966 4082 omnes
992 4001 1287 4094 imperditiooem

468 4135 577 4212 eunt,
608 4134 643 4202 et
673 4129 712 4202 in
746 4130 990 4218 exterminium
1031 4127 1071 4202 nt
1102 4125 1287 4206 multitudo

468 4244 660 4344 eorum.,¹¹
676 4255 771 4342 Quis,
789 4273 872 4346 erpo
891 4253 996 4330 debet
1013 4255 1133 4346 lugere
1150 4256 1291 4346 mogisi

466 4381 527 4456 ltla
546 4400 635 4474 quae
651 4380 743 4456 haue
761 4388 866 4456 totam
884 4383 1140 4458 multitudinem
1157 4385 1286 4468 amisit,

467 4529 513 4588 att
527 4516 669 4602 toquee
681 4527 789 4602 super
802 4528 873 4586 uuo
884 4510 1005 4602 luges?
1014 4511 1051 4584 Si
1065 4515 1179 4596 eutem
1194 4510 1289 4590 dire-

466 4637 518 4712 ris
536 4637 633 4740 mitri,
658 4627 688 4672 ¹¹
702 4638 872 4724 Quoniam
890 4655 964 4711 non
982 4643 1036 4712 est
1052 4637 1167 4714 tuetur
1184 4655 1288 4712 meus

466 4763 592 4840 similis
610 4765 661 4838 itti
678 4771 805 4840 terme:
825 4765 1000 4858 quoniam
1021 4783 1086 4856 epo
1113 4742 1286 4840 fructum·

381 4897 384 4905 ⁴
465 4893 598 4982 ventris
615 4895 686 4970 mei
712 4895 825 4978 emisi,
846 4911 954 4986 quem
969 4895 1006 4968 in
1025 4865 1206 4971 doloribus
1224 4908 1289 4982 pe·.

465 5023 553 5112 peri,
574 5027 608 5096 et
634 5023 671 5096 io
698 5019 1122 5128 afflietiouitrmuptriui:
1153 5007 1181 5054 ¹³
1195 5023 1288 5092 terro

325 5131 333 5142 ’
468 5147 561 5220 euim
581 5148 775 5224 seeundum
794 5155 952 5222 usturam
970 5153 1082 5225 torrae
1100 5141 1183 5220 ehiit
1201 5145 1288 5228 mut·

465 5273 590 5358 titudo,
605 5293 695 5366 queo
713 5275 808 5350 venit
825 5274 870 5348 od
887 5291 964 5350 eum
982 5273 1160 5366 quomodo
1178 5274 1286 5350 venit:

379 5381 383 5396 ’
467 5416 534 5492 epo
552 5407 667 5475 eutem
684 5401 810 5476 itemm
830 5401 910 5480 dieo
928 5401 1002 5486 tibi,
1030 5392 1061 5437 ¹⁶
1078 5403 1171 5476 siout
1191 5409 1230 5476 tu
1248 5402 1286 5476 iu

466 5525 585 5602 labore
603 5529 779 5623 peperisti,
809 5529 861 5603 sio
879 5533 914 5606 et
930 5535 1023 5604 terre
1040 5528 1136 5604 dedit
1153 5529 1285 5602 imotus

467 5671 564 5742 suos,
579 5655 622 5732 ab
636 5655 735 5732 initio
753 5655 931 5734 hominem
951 5657 983 5734 ei
1002 5657 1064 5750 qut
1080 5643 1162 5734 terit
1174 5657 1281 5748 eum.

1384 308 1520 394 ¹‘tium
1534 334 1617 410 erpo
1631 317 1742 392 retine
1761 317 1863 392 iutro
1875 315 2065 414 teddorem
2078 323 2172 408 imre.

1383 445 1567 522 etiortier
1583 445 1642 520 ter
1651 445 1891 544 minuitatem
1906 463 2001 536 tpree
2012 445 2067 518 titi
2082 453 2156 522 muti
2212 466 2216 551 t

1382 573 1448 664 pit:
1469 562 1595 659 “outa
1612 571 1913 664 st-r‘mttmumrtr
1929 575 2156 650 renuntianti

1382 701 1572 784 tissimieet
1587 701 1698 778 titum
1705 707 1815 798 tuum
1827 699 2023 790 reoiptesiu
2033 707 2157 790 tenore,

1383 835 1418 902 et
1442 830 1480 904 io
1507 829 1712 904 mulieribus
1739 827 2019 912 eotteudeberm;
2043 817 2067 862 ¹⁷
2082 829 2161 918 ingre

1368 957 1468 1034 dete
1498 958 1646 1049 ergoitt
1678 949 1860 1034 diritatem
1887 955 1934 1030 sd
1959 955 2062 1029 rutum
2083 961 2159 1032 tuum.
2218 952 2220 994 ³

1384 1086 1426 1160 Iit
1452 1085 1642 1177 resmodit,
1669 1093 1704 1158 et
1730 1085 1820 1158 dioit
1845 1082 1893 1156 od
1919 1100 1989 1163 me,
2013 1071 2162 1154 inmo
2220 1108 2221 1135 t

1383 1211 1472 1290 oen
1499 1213 1557 1295 its,
1584 1229 1701 1303 neque
1723 1209 1913 1303 ingrediar
1937 1210 2101 1290 oriemur.
2121 1219 2162 1280 oe

1384 1355 1453 1429 que
1472 1337 1565 1429 apud
1583 1339 1696 1412 virum
1714 1353 1852 1419 meum,
1872 1335 1938 1409 sed
1958 1335 2014 1408 hio
2029 1336 2143 1408 murier.-

1436 1456 1465 1502 ¹⁹
1484 1469 1527 1540 m
1553 1467 1700 1556 apposui
1726 1465 1848 1540 adhue
1873 1453 2068 1554 dorbi-eom
2089 1467 2162 1543 eust

1385 1594 1457 1670 diri
1471 1595 1515 1677 eir
1534 1583 1971 1684 ’totoquauummutme
1989 1605 2162 1678 mensuum

1384 1721 1522 1809 mutter,
1550 1719 1623 1792 noli
1649 1720 1764 1793 teoem
1787 1717 1890 1796 huno
1913 1731 2105 1794 sermonem,
2119 1711 2164 1786 red

1383 1846 1542 1922 nomenti
1563 1845 1768 1934 persuaderi
1781 1845 1837 1918 ob
1857 1843 2073 1918 mtrmitetur
2094 1841 2161 1922 Sion

1383 1979 1418 2048 et
1443 1973 1625 2048 oousotere
1651 1979 1795 2066 propter
1815 1972 1979 2048 dotorem
2002 1963 2161 2042 temsetem

1381 2089 1510 2194 ”tione
1528 2101 1621 2174 enim
1640 2100 1741 2174 rides
1756 2097 2161 2174 semotitieetiooesoosttt
2221 2065 2222 2136 Ὺ

1381 2227 1550 2312 ᾱεεεεωε,
1565 2233 1600 2302 et
1612 2229 1730 2301 ettsrie
1743 2235 1868 2304 nostre
1884 2223 2052 2304 nemone,
2064 2229 2093 2294 et
2103 2225 2161 2292 tue

1378 2353 1478 2445 ptum
1505 2359 1663 2430 nostrum
1682 2353 1920 2435 destructum.
1947 2341 1977 2392 ⁸¹
1996 2357 2029 2424 et
2043 2347 2160 2420 minute

1382 2479 1473 2554 rium
1500 2488 1661 2556 nostrum
1678 2481 1923 2566 ehotitunmot
1945 2479 2096 2570 hymnum
2116 2489 2159 2544 uo·

1382 2613 1494 2680 strum
1512 2606 1699 2690 subletum,
1720 2608 2023 2698 etvgtoriettouem
2045 2603 2160 2674 nostro

1380 2733 1532 2824 lapsam·
1544 2739 1579 2806 et
1595 2732 1719 2806 tumen
1733 2731 1938 2808 osndelsbri
1952 2729 2065 2804 vnostri
2079 2723 2159 2798 erto

1379 2859 1487 2942 otum,
1517 2865 1551 2932 et
1576 2876 1692 2933 eroum
1719 2862 1922 2964 testamenti
1950 2853 2160 2946 diopros

1381 2991 1499 3060 saneta
1517 2992 1637 3078 poetro
1650 2989 1899 3072 renumerare,
1916 2991 2082 3060 etmomeu
2093 2971 2159 3066 quot

1381 3111 1579 3187 invocatum
1607 3117 1660 3188 est
1686 3130 1794 3204 super
1820 3132 1902 3197 uos,
1932 3107 2157 3204 pmpttamttttt=

1382 3243 1417 3310 et
1441 3237 1574 3312 liberos
1590 3245 1731 3313 nostros
1749 3239 2123 3325 contumetiam-pessos.
2135 3219 2165 3298 εἴ

1382 3364 1581 3441 sacerdotes
1608 3374 1749 3440 nostros
1776 3381 1972 3442 suooeosos
1990 3363 2024 3436 iu
2044 3353 2158 3448 ignoti

1363 3479 1517 3564 ‘Levites
1544 3498 1683 3566 nostros
1705 3493 1743 3566 in
1770 3479 2002 3584 ooptiritutem
2018 3481 2156 3558 sonuere

1382 3625 1417 3694 et
1434 3620 1586 3711 uirgines
1603 3628 1742 3696 nostres
1770 3623 2031 3699 coummtmtrsr
2044 3615 2086 3684 et
2105 3617 2157 3676 ot·

1379 3743 1483 3821 lieres
1502 3754 1642 3822 nostroe
1669 3749 1915 3822 contumeliam
1938 3725 2157 3838 presserunt·

1379 3888 1445 3964 Ρθῐ
1470 3873 1565 3958 iim,
1595 3880 1631 3948 et
1656 3873 1816 3950 ridentes
1842 3873 1955 3950 nostri
1980 3865 2061 3958 rapti
2082 3855 2155 3932 stim·

1381 4003 1417 4072 0⁸
1442 3999 1712 4089 seeouetores·
1738 3977 1849 4074 nostri
1878 3994 2025 4091 dispersi
2046 3979 2157 4061 suntet

1380 4125 1527 4216 subjecti
1553 4125 1696 4200 inerunt
1715 4123 2005 4219 jurenmnostrt,
2028 4121 2061 4190 et
2079 4107 2156 4184 totttt

1379 4253 1491 4340 nostri
1509 4253 1628 4328 miseri
1641 4253 1720 4328 ieoti
1733 4225 1830 4330 sunt:
1850 4245 1983 4346 ”quod
1998 4243 2155 4320 autunto
2221 4241 2224 4436 Ι

1368 4378 1486 4480 ⁸uibus
1513 4379 1625 4470 majus
1644 4381 1689 4454 de
1715 4383 1895 4474 signemlo
1918 4379 2010 4457 Sion,
2029 4359 2154 4459 pontiti!
2221 4425 2222 4428 r

1381 4505 1556 4583 subletum
1566 4507 1855 4600 tutrtpnsoutum
1866 4495 2153 4602 proetereuntes

1382 4639 1417 4708 et
1441 4633 1564 4720 tradite
1590 4643 1656 4712 est
1669 4638 1707 4710 io
1730 4655 1873 4712 menum
1898 4613 2076 4714 odm‘flffl'
2096 4625 2150 4689 ¹¹⁰⁵·

1380 4749 1470 4834 ’Ἧι
1487 4779 1570 4852 orgo
1589 4769 1713 4842 excute
1731 4763 1794 4838 abs
1812 4769 1847 4840 ie
1865 4755 2097 4840 multitudinem
2110 4733 2153 4806 ὼ
2220 4717 2223 4823 s

1379 4886 1493 4962 lorum
1512 4893 1662 4972 tuorum,
1677 4899 1715 4964 ut
1734 4891 1798 4964 ttoi
1816 4888 2048 4984 repropitietur
2059 4861 2149 4946 ΡΜ
2220 4824 2223 4918 l

1379 5019 1416 5086 et
1443 5015 1624 5107 quiescere
1650 5017 1751 5093 iooiet
1775 5023 1856 5092 ste
1873 5013 2059 5092 meretum
2078 4987 2148 5068 “⁰¹⁰⁹

1380 5032 2222 5250 mmmmssfflmmmfflwff

1381 5271 1513 5364 eueher
1539 5291 1620 5348 oum
1639 5293 1691 5359 ee.
1711 5282 1748 5350 et
1762 5293 1847 5351 eoee
1872 5275 1975 5355 noes
1995 5265 2061 5358 ejus
2082 5244 2149 5381 ΜΨ
2217 5266 2220 5349 Ὗ

1380 5401 1723 5489 coemittentem
1740 5405 1831 5478 sieut
1843 5395 2024 5480 rimttitudo
2037 5379 2145 5470 ΜΨ
2217 5387 2220 5480 ξ

1378 5529 1465 5604 teoto
1478 5537 1533 5604 est
1549 5533 1684 5622 speeies
1699 5533 1816 5608 ruitur
1829 5532 1917 5624 eius,
1933 5537 1966 5604 et
1980 5492 2147 5599 tottii*

1378 5651 1657 5758 appropinquare
1675 5657 1721 5734 ed
1739 5675 1836 5744 eom,
1865 5663 1901 5734 et
1923 5673 1981 5734 eor
1996 5635 2144 5726 11in
