4594 6452
450 417 487 494 ήν
509 425 670 513 νουνεχείᾳ,
684 423 737 488 καὶ
751 433 791 508 τῇ
815 417 960 504 εὐσεβείᾳ,
980 423 1034 488 καί
1048 433 1088 510 τῇ
1113 425 1197 490 κατά
1212 425 1270 498 τήν

449 523 613 606 ἐκκλησίαν
625 527 818 614 διατυπώσει,
826 535 868 600 τά
876 526 946 612 ἐξῆς
953 543 1024 625 ἡμῖν
1035 528 1173 607 δηλώσει.
1182 537 1271 602 Γνόν-

448 669 500 722 τις
513 649 610 712 τοίνυν
626 657 653 712 ol
670 649 821 737 αίρετικοί,
835 649 883 712 ὅτι
898 657 955 722 της
970 650 1134 723 ἐκκλησίας
1149 639 1270 739 ἐξάρχει

448 757 746 837 ὁθεῖοςἈθανάσιος,
760 760 802 826 τά
815 761 868 850 μέν
881 770 988 850 πρῶτα
1003 761 1172 840 συνέπεσον,
1188 757 1271 838 αὖθις

448 866 484 940 δέ
496 873 590 947 οὕτως
603 879 686 954 αὐτῷ
701 883 756 962 μιᾷ
772 873 878 964 γνώμη
895 872 1130 962 συμβάλλουσιν,
1141 874 1229 954 ὥστε,
1245 882 1270 941 εί

449 985 508 1077 γρή
525 984 632 1076 λέγειν,
647 985 684 1050 τό
708 984 892 1074 μνημόσυνον
916 991 1009 1050 αὑτοῦ
1025 992 1060 1052 ἐκ
1074 997 1203 1079 τῆςγής
1216 1011 1271 1054 πε-

447 1102 560 1188 ριελεῖν,
583 1094 682 1170 καθὼς
703 1105 731 1162 ol
747 1087 888 1163 Ἰουδαῖοι
912 1107 940 1162 ol
963 1099 1049 1164 κατά
1072 1108 1127 1164 τοῦ
1142 1107 1270 1188 Χριστοῦ

446 1211 637 1300 ἐλογίσαντο,
655 1219 850 1300 Παραχρήμα
866 1209 925 1302 γὰρ
941 1203 1114 1286 βασιλικαῖς
1129 1214 1203 1277 κατ’
1212 1219 1269 1277 αῦ-

447 1332 502 1390 τοῦ
525 1313 684 1398 διατάξεσι
699 1321 872 1412 χρήσασθαι
888 1323 940 1390 τὸν
965 1321 1198 1414 θεοφιλέστατον
1214 1327 1270 1408 βα·

449 1434 538 1500 σιλέα
562 1432 672 1500 πείθειν
696 1425 891 1512 ἐσποίιδαζονῖ
1013 1472 1016 1485 ·
1064 1491 1068 1504 .

482 1538 1272 1641 Χρήδὲήμάςπρῶτονπερὶτῆςέκπαιδόςδιαγωγής

449 1667 505 1724 τοῦ
517 1651 621 1750 ἀνδρὸς
632 1660 724 1750 μικροί
737 1651 969 1750 διηγήσασθαί*
980 1671 1038 1729 Τοῦ
1046 1671 1116 1752 γοῦν
1124 1653 1272 1752 μακαρίου

449 1763 647 1861 Ἀλεξάνδρου
663 1771 744 1861 μετὰ
759 1772 812 1836 τόν
828 1773 975 1862 μακάριον
986 1771 1137 1864 Ἀχιλλᾶν
1147 1774 1205 1846 τήν
1220 1781 1272 1866 ἀρ-

449 1884 509 1975 χὴν
524 1894 581 1960 της
596 1884 748 1974 ίερωσόνης
764 1883 1006 1975 ἐγχειρισθέντος,
1021 1887 1074 1952 καί
1089 1887 1142 1951 τὸν
1161 1892 1271 1976 κλῆρον

451 1996 534 2086 μετά
550 1995 608 2068 τήν
631 2006 685 2062 τοῦ
708 1997 796 2086 ἁγίου
820 1997 932 2088 Πέτρου
955 2007 1010 2063 τοῦ
1032 1998 1197 2064 ἐπισκόπου
1219 1999 1272 2064 καί

449 2109 595 2199 μάρτυρος
611 2099 729 2184 σόναξιν
745 2119 801 2184 τῆς
823 2107 979 2186 ἀθλήσεως
994 2116 1087 2176 αὑτοῦ
1106 2118 1146 2186 είς
1168 2112 1272 2179 ἐσσίαν

449 2217 689 2311 προτρεψαμένου
700 2221 754 2284 καί
768 2220 973 2310 περιμένοντος
987 2221 1041 2298 ἕως
1053 2220 1089 2288 ἀν
1101 2222 1270 2313 συναθροισ-

449 2331 545 2412 θῶσιν,
568 2333 661 2408 tari:
683 2325 715 2410 ἐξ
739 2333 881 2400 ἀπόπτου
903 2343 958 2425 ὁρᾷ
974 2329 1089 2412 παῖδας
1104 2343 1270 2410 ἐκκλησια-

447 2457 542 2528 στικῷ
565 2445 665 2512 κανόνι
688 2447 826 2536 παίγνιον
849 2447 1089 2524 ὑπεισελθόντας.
1114 2447 1175 2516 Ἦν
1198 2443 1271 2516 δέό

448 2553 526 2632 σίκυς
549 2557 620 2647 πρός
643 2556 803 2622 θάλασσαν
825 2559 1041 2650 τετραμμένος,
1056 2555 1092 2637 ής
1114 2561 1199 2652 παρὰ
1214 2561 1272 2637 τὰς

447 2668 545 2760 ὄχθας
567 2660 690 2745 ἔπαιζον
714 2679 742 2734 ol
766 2671 833 2760 ίεροί
863 2667 993 2751 παῖδες,
1016 2679 1047 2738 ἐν
1070 2669 1111 2750 οίς
1142 2669 1179 2746 ήν
1202 2675 1270 2741 ἐπί-

448 2805 560 2856 σκοπος
573 2779 751 2858 Ἀθανάσιος
773 2783 826 2848 καί
849 2775 1011 2870 συνήλυδις
1026 2784 1117 2851 ἄλλοι
1140 2785 1270 2876 πρεσβθ-

448 2895 527 2986 τίροι
548 2897 602 2960 καί
625 2885 766 2976 διάκονοι,
789 2905 817 2960 ol
838 2897 895 2961 καί
915 2907 1069 2989 προσῆγον
1093 2905 1176 2982 αὐτῷ
1198 2909 1269 2966 παῖ-

449 3003 506 3084 δας
527 3007 772 3098 κατηχουμένους
794 3009 845 3108 ἐπὶ
867 3018 912 3091 τῷ
935 3003 1143 3084 βαπτισθῆναι
1164 3010 1271 3086 αὐτοὺς

450 3123 502 3188 ὑπ’
515 3127 615 3188 αὐτοῦ·
631 3120 679 3196 οῦς
694 3121 814 3197 πάντας
827 3121 915 3205 τόπῳ
930 3128 1174 3208 ἐκκλησιαστικιῦ
1189 3126 1271 3208 βαπ-

448 3235 536 3310 τίσας
557 3243 595 3310 ὡς
610 3237 772 3310 ἐπίσκοπος
787 3243 803 3300 ό
817 3233 996 3312 Ἀθανάσιος
1014 3237 1163 3320 ήβοίιλετο
1178 3237 1269 3330 λόγον

449 3353 550 3423 αὺτοῖς
572 3339 790 3412 διδασκαλικόν
821 3361 1035 3439 προσενεγκεῖν.
1060 3350 1191 3426 Ἐκστάς
1220 3345 1269 3416 οὖν

448 3461 498 3525 ἐπί
519 3471 582 3536 τοῖς
604 3458 766 3551 γινομένοις
788 3469 805 3524 ό
829 3458 903 3536 θεῖος
917 3453 1123 3554 Ἀλέξανδρος,
1139 3460 1269 3554 ἀγεσθαι

447 3573 519 3664 πρός
549 3573 640 3638 αυτόν
671 3572 784 3637 κελεόει
806 3573 875 3648 τοὺς
904 3565 1027 3650 παῖδας
1050 3575 1103 3640 καί
1133 3575 1270 3667 ἐπιγνοὺς

449 3687 575 3752 ἅπαντα
590 3693 629 3760 ιὀς
651 3685 798 3776 ἐγένοντο,
814 3685 919 3778 γνόιμῃ
936 3695 995 3751 τῶν
1018 3685 1070 3750 σὺν
1094 3693 1177 3770 αῦεῷ
1193 3693 1267 3759 κλη·

447 3809 542 3890 ρικῶν,
556 3799 625 3873 τοθς
647 3798 701 3888 μέν
725 3791 950 3875 βαπτισθέντες
964 3791 1079 3875 παῖδας
1101 3804 1269 3894 σφραγίσας

447 3919 488 3996 τῇ
505 3916 535 3975 ἐν
550 3919 668 4000 Χριστῷ
683 3901 824 4002 σφραγίδι
847 3912 901 3976 καί
923 3908 1081 4002 ἐπιχρίσας
1095 3925 1158 3988 τοϊς
1180 3917 1268 4007 ἁγίου

315 4011 320 4018 ’
448 4030 502 4086 τοῦ
524 4023 667 4112 σωτηρίου
691 4016 906 4112 βαπτίσματος
921 4025 1080 4114 συμβόλοις
1103 4029 1267 4092 ἐτελείωσε·

448 4133 502 4198 τὸν
524 4123 559 4198 δέ
574 4131 753 4199 Ἀθανάσιον
776 4147 838 4210 τοῖς
867 4146 999 4227 γονεῦσιν
1025 4143 1118 4203 αὑτοῦ
1137 4135 1266 4205 Ἀθανα·

448 4245 512 4310 σίου
534 4245 728 4336 συγκαλέσας
742 4246 900 4336 παρέθετο,
914 4239 1078 4314 παιδεῦσαι
1096 4249 1267 4341 γράμματα

448 4355 601 4437 κελεόσας,
623 4360 676 4423 καὶ
692 4365 722 4424 ἐν
738 4361 834 4449 Κυρίῳ
849 4353 1042 4449 προβιθάζειν
1057 4363 1105 4430 ότι
1119 4363 1268 4454 μάλιστα,

447 4469 606 4561 προβάντα
630 4462 665 4536 δὲ
689 4471 780 4536 αὐτόν
796 4463 962 4538 ἀποδοῦναι
987 4479 1078 4556 αῦτῷ,
1098 4469 1268 4565 μᾶλλονδὲ

448 4595 487 4672 τῇ
512 4585 661 4667 ἐκκλησία
684 4583 849 4664 ἐκέλευσεν,
872 4591 911 4660 ὡς
933 4593 952 4656 al
977 4583 1081 4666 ἸἈννα,
1105 4589 1193 4677 φησί,
1215 4587 1268 4654 τόν

449 4689 832 4790 Σαμουήλπροσήγαγεν.ο
848 4690 1019 4789 Προθάντος
1033 4693 1083 4764 οὖν
1097 4709 1153 4765 τοῦ
1166 4703 1268 4793 καίρου

448 4811 656 4903 προσφέρουσιν
680 4819 707 4877 ol
727 4823 823 4902 γονεῖς
844 4819 890 4896 τῷ
912 4809 1067 4896 ἐπισκόπῳ
1080 4805 1270 4904 Ἀλεξάνδρῳ

494 5015 508 5060 ⁸
531 5015 690 5097 Ruffinus,
707 5017 732 5099 l,
749 5037 811 5098 ιιι,
831 5015 985 5085 Socrates
1000 5017 1025 5098 1,
1045 5037 1098 5099 ιι,
1114 5017 1268 5087 sozome-

449 5145 523 5213 nus,
541 5130 579 5213 ll,
597 5149 672 5212 ιιιι,
687 5127 894 5214 Nicephorus
911 5127 1078 5213 Callistus,
1089 5131 1171 5216 Vlll,
1188 5129 1276 5200 1qu

492 5241 548 5308 ιι
575 5243 652 5327 aeg.
679 5241 703 5323 1,
728 5243 783 5308 ει.

492 5353 506 5399 ⁷
530 5353 601 5422 let.
625 5353 726 5439 Apos.
749 5375 837 5439 xxm,
863 5356 917 5422 la.

491 5464 506 5509 ⁸
532 5463 644 5534 colax
660 5454 732 5542 δελ,
754 5465 877 5536 lineola
902 5466 1271 5555 προσεποιήσω

449 5592 530 5661 pra,
554 5591 587 5661 p.
614 5576 689 5654 lla,
711 5581 781 5645 nol.
807 5581 851 5659 73
873 5575 957 5648 inira
982 5581 1059 5667 cap.
1084 5582 1156 5652 llVl
1186 5571 1268 5647 θαι·

447 5683 545 5758 τικήν.

492 5795 650 5868 9ιυιιιι.
674 5797 794 5884 xxvi,
818 5800 858 5883 ο,
889 5801 911 5870 ε
934 5801 1012 5892 ιιι.
1036 5802 1115 5886 νυ,
1142 5805 1195 5876 ιο.
1218 5801 1271 5878 ιο

1344 295 1411 378 ’τόν
1433 311 1621 401 Ἀθανάσιον,
1643 260 1727 408 ᾧπερ
1750 317 1856 396 valam
1869 327 1885 384 ό
1900 323 2071 400 ἐπίσκοπος
2085 327 2124 391 τό
2145 338 2183 394 it·

1359 425 1480 515 ρατικόν
1503 419 1593 516 ἐφοθδ
1615 429 1809 518 περιτίθησι,
1830 431 1894 498 νέον
1922 435 2018 500 αὐτὸν
2041 439 2183 526 Σαμουὴλ
2254 486 2255 499 ,

1359 547 1399 624 τῇ
1416 541 1565 622 ἐκκλησίᾳ
1580 535 1773 630 προθιθάζων
1794 551 1835 620 είς
1848 544 1967 633 ἄμυναν
1980 557 2045 612 τῶν
2070 549 2185 624 ἀληθῶς

1360 650 1547 738 ἀλλοφύλων.
1570 654 1632 716 Καὶ
1654 654 1715 744 γὰρ
1738 655 1872 732 πολλοὺς
1887 663 2012 748 ἀγιῦνας
2033 661 2184 750 ὑπέμενεν

1357 760 1430 850 ὑπὲρ
1445 769 1506 826 τῶν
1522 772 1684 852 αίρετικῶν,
1699 767 1804 842 οἵτινες
1819 768 1872 832 καί
1894 773 2087 858 συνωμοσίαν
2103 775 2183 842 mai·

1358 893 1474 948 σαντες,
1488 879 1523 936 οῦ
1545 873 1776 964 τεσσαράκοντα
1792 870 1896 966 ἀνδρες
1918 879 2010 968 μόνον
2035 885 2124 946 κατὰ
2138 885 2184 948 τόν

1359 982 1433 1073 ίερόν
1455 983 1627 1050 ἀπόστολον
1650 990 1795 1066 Παῦλον]
1818 989 1903 1054 ἀλλά
1926 1002 1991 1056 πᾶν
2011 993 2051 1058 τθ
2073 995 2185 1070 πλῆθος

1358 1101 1418 1156 τιῦν
1441 1101 1611 1181 αίρετικιῦν,
1633 1093 1772 1182 μάλιστα
1795 1107 1855 1162 τῶν
1877 1093 2132 1188 ’Δρειομανιτῶν,
2152 1104 2184 1167 τό

1354 1204 1420 1270 ἀνά
1435 1213 1539 1270 πᾶσαν
1555 1205 1612 1276 τήν
1634 1200 1820 1296 οἰκουμένην,
1835 1219 1890 1273 τοῦ
1905 1206 2094 1278 ’Δθανασίου
2109 1221 2184 1306 μετὰ

1359 1323 1414 1380 τοῦ
1430 1307 1525 1380 Δαυίδ
1533 1317 1547 1362 ⁸
1561 1313 1731 1404 ψάλλοντος
1745 1321 1799 1384 καὶ
1810 1319 1989 1412 λέγοντος·9
2003 1321 2079 1392 'Eli
2091 1351 2183 1416 παρα-

1360 1417 1496 1502 τάξεται
1518 1429 1636 1518 ἐπ’ἐμέ
1658 1425 1850 1520 παρεμβολὴ,
1874 1440 1909 1499 οῦ
1932 1429 2182 1523 willimari

1360 1529 1473 1628 καρδία
1495 1561 1561 1628 μου·
1585 1540 1638 1606 ἐἀν
1661 1547 1822 1632 ἐπαναστῇ
1845 1547 1897 1610 ἐπ’
1913 1547 1970 1634 ἐμὲ
1993 1549 2139 1640 πόλεμος,
2158 1561 2183 1620 ἐν

1360 1649 1462 1738 ταότη
1486 1651 1547 1742 ἐγὼ
1577 1647 1691 1730 ἐλπίζω
1713 1655 1865 1744 στέφανον
1886 1668 1974 1734 νικής
1996 1659 2183 1750 περιθέσθαι,

1361 1753 1487 1836 δηλαδή
1519 1762 1657 1840 ποθήσας
1677 1767 1783 1850 λαβεῖν
1806 1767 1892 1858 παρά
1915 1771 2029 1860 Κυρίου
2051 1783 2107 1836 τοῦ
2137 1777 2183 1838 καί

1361 1875 1433 1965 πρὸς
1456 1876 1729 1968 αῦτόνιείρηκότος·
1746 1877 1868 1969 Θάρσει,
1882 1884 1938 1946 καί
1960 1883 2008 1972 μή
2024 1879 2127 1972 φοβοῦ
2142 1890 2182 1951 ὅτι

1360 1989 1423 2079 ἐγώ
1445 1995 1506 2079 είμι
1536 1991 1618 2079 μετά
1640 2001 1715 2070 σοῦ,
1737 1961 1790 2056 καί
1812 1999 1847 2058 οῦ
1877 1993 2046 2084 προσθήσει
2068 2021 2114 2073 τις
2135 2009 2183 2062 τοῦ

1360 2105 1499 2168 κακῶσαί
1521 2125 1564 2168 σε.
1580 2096 1709 2176 ’Ἐπειδὴ
1731 2099 1781 2170 οὖν
1803 2105 1846 2172 τά
1869 2107 1978 2179 πολλοὶ
1994 2119 2057 2174 τῶν
2079 2113 2181 2200 σνμβε·

1359 2215 1499 2297 βηκότων
1521 2223 1605 2299 αὐτῷ
1627 2219 1844 2310 ὑφηγήσασθαι
1876 2223 2050 2314 φεόγομεν,
2081 2226 2183 2313 μήπως

1359 2327 1453 2394 κόπον
1476 2329 1686 2420 ἐμποιήσωμεν
1708 2343 1770 2407 τοῖς
1797 2324 2019 2423 ἐντευξομένοις
2041 2331 2123 2418 τῷδε
2142 2349 2182 2420 τῷ

1358 2437 1519 2532 γράμματι
1549 2441 1602 2506 τόν
1623 2441 1724 2534 ,λόγον
1754 2444 1958 2532 μηκθνοντες,
1984 2448 2098 2540 ἄπειρα
2126 2451 2180 2542 γάρ

1358 2557 1429 2616 είσιν
1453 2550 1529 2642 ἅπερ
1551 2553 1668 2625 ὑπέστη
1693 2546 1871 2646 διωκόμενος
1893 2559 1954 2623 ῦπδ
1968 2569 2031 2624 τῶν
2056 2564 2178 2644 ἀσεβεσ-

1357 2663 1459 2728 τάτιον
1476 2674 1639 2754 αίρεπικιῦν,
1654 2677 1723 2744 τοῦς
1745 2671 1979 2761 ἐπισημοτέραις
1995 2681 2092 2739 αῦτοῦ
2105 2673 2179 2766 πρά-

1358 2769 1437 2854 ξεσιν
1455 2764 1714 2868 ἀρκεσθησόμεθα,
1728 2781 1761 2846 al
1775 2781 1828 2846 καὶ
1840 2783 1925 2874 παρά
1942 2795 2021 2852 πᾶσι
2036 2799 2102 2862 τοῖς
2112 2813 2178 2880 γιον

1357 2889 1449 2980 ρίμοις
1463 2899 1517 2954 τοῦ
1540 2883 1645 2982 ἀνδρὸς
1667 2885 1805 2975 ᾅδονται
1829 2897 2004 2984 ίΙοιραυτιὶι
2027 2900 2089 2990 γὰρ
2105 2899 2180 2972 εῦθάς

1336 3001 1543 3092 προστάντος
1565 3009 1668 3082 alnou,
1682 3004 1781 3096 ὥσπερ
1800 3007 1923 3096 ἔφημεν,
1938 3021 1997 3086 τῆς
2011 3016 2179 3088 ἐκκλησίαι,

1358 3123 1386 3180 ol
1408 3115 1474 3204 περί
1495 3109 1635 3180 Εὑσέθιον
1649 3116 1702 3181 τὸν
1725 3111 1938 3208 Νικομηδείας,
1954 3123 2103 3214 ἀπεχθεῖς
2116 3128 2179 3190 λίαν

1357 3227 1430 3318 πρὸς
1452 3227 1543 3292 αὐτόν
1559 3227 1611 3294 τὸν
1626 3225 1805 3297 Ἀθανάσιον
1820 3233 1954 3322 ἔχοντες,
1969 3237 2047 3302 τότε
2062 3232 2104 3308 δὴ
2119 3263 2178 3304 και·

1357 3345 1405 3432 ρὸν
1420 3341 1554 3430 εὔκαιρον
1568 3351 1623 3406 τοῦ
1641 3334 1721 3408 ίδίου
1744 3354 1859 3410 σκοποῦ
1872 3346 1931 3416 τήν
1955 3358 2012 3414 τοῦ
2036 3342 2178 3424 βασιλέως

1359 3453 1443 3519 κατοὶ
1465 3465 1520 3518 τοῦ
1542 3455 1680 3546 μεγάλου
1695 3453 1877 3524 ’Δθανασίου
1900 3459 2002 3531 λύπην
2025 3464 2178 3544 λαβόντες,

1357 3575 1397 3643 ὡς
1418 3560 1561 3656 ἐνόμιζον,
1584 3568 1689 3634 πάντα
1711 3573 1784 3635 κατ’
1801 3579 1895 3638 αὑτοῦ
1915 3579 2097 3664 τολμῶντες
2113 3579 2178 3642 ἐκίν-

1358 3705 1417 3746 κων
1440 3687 1623 3753 ἀποκινῆσαι
1647 3682 1739 3747 αὐτόν
1760 3692 1817 3759 τῆς
1847 3685 2019 3762 ἐπισκόπης
2044 3680 2179 3752 σηπιδά-

1357 3785 1469 3878 ζοντες,
1494 3787 1772 3884 καταβηφιζόμενοι
1787 3806 1842 3860 τοῦ
1865 3789 1973 3888 ἀνδρὸς
1993 3807 2036 3876 ὡς
2057 3793 2181 3877 ἀναξίοις

1357 3903 1583 3982 ὑπεισελθόντος
1604 3907 1663 3979 τὴν
1695 3909 1857 3998 ίεροιοθνην.
1882 3911 1973 3976 Οὕτω
2003 3911 2064 4002 γάρ
2089 3915 2180 4001 μόναις

1356 4013 1485 4096 ήλπιζον
1499 4020 1557 4092 τήν
1572 4017 1725 4112 Ἀρειανήν
1742 4013 1834 4097 δόξαν
1857 4024 2029 4112 κρατήσειν,
2045 4033 2071 4090 εἰ
2085 4023 2180 4090 Ἀθα-

1356 4131 1457 4198 νάσιον
1488 4123 1624 4198 ἐκποδῶν
1654 4133 1820 4206 ποιήσουσι.
1851 4135 2104 4225 Συμφράττονται
2132 4132 2178 4202 οὖν

1351 4247 1430 4312 κατ’
1447 4251 1539 4311 αὑτοῦ
1562 4255 1590 4311 ol
1611 4245 1821 4338 προββηθέντες
1836 4256 1892 4322 της
1906 4245 2093 4338 ’Δρειανικῆς
2108 4257 2178 4314 ἀσε-

1357 4353 1425 4434 βοῦς
1448 4351 1585 4449 αίρέσεως
1598 4356 1761 4438 'oslava'
1786 4350 1969 4448 Εὐδαίμονα,
1990 4363 2179 4436 Καλλίνικον,

1357 4473 1410 4538 καί
1433 4465 1589 4562 διαφόρους
1611 4473 1798 4564 κατηγορίας
1820 4473 1904 4538 κατὰ
1919 4482 1976 4538 τοῦ
1990 4471 2179 4539 θείοιἋθα-

1356 4585 1459 4649 νασίου
1483 4575 1523 4648 δι’
1536 4590 1634 4649 αῦτιῦν
1657 4579 1809 4655 ἐίιίνησαν.
1832 4587 1895 4650 Καὶ
1917 4594 2036 4675 πρῶτον
2059 4585 2114 4676 μέν
2133 4589 2179 4650 ότι

1356 4693 1554 4777 Ἀθανάσιος,
1586 4697 1678 4786 φησὶ,
1712 4697 1893 4764 ὑπεισελθολν
1922 4699 1981 4769 τήν
2012 4699 2179 4768 ἐπισκόπει

1355 4813 1439 4880 λινήν
1463 4808 1581 4882 ἐσθήτα
1603 4814 1702 4874 τελεῖν
1724 4809 1794 4885 τοὺς
1815 4811 1998 4900 Αἰγυπτίους
2022 4821 2064 4898 τῇ
2087 4807 2179 4876 Ἀλε-

1355 5011 1468 5084 locum
1491 5013 1613 5084 Psalmi
1631 5013 1671 5082 ‘in
1695 5013 1844 5100 margine
1860 5013 2097 5084 adscribuntur
2121 5033 2177 5086 no·

1354 5131 1408 5196 lae
1432 5126 1649 5212 allegationis.

1400 5241 1412 5286 ¹
1439 5241 1604 5322 Socratas,
1629 5242 1653 5325 1,
1677 5259 1773 5325 ιινιι,
1798 5233 2019 5326 Sozoman'ua,
2038 5244 2079 5325 ll,
2102 5262 2176 5323 ιιι,

1354 5353 1592 5437 Theodoritus,
1616 5353 1986 5440 1‚xxvl,llicaphorus
2012 5354 2174 5434 calisam,

1359 5469 1442 5551 llll,
1466 5487 1546 5550 ιιιι,
1569 5485 1673 5536 xum.
2041 5497 2051 5508 ·

1404 5580 1419 5624 ¹
1442 5579 1607 5664 Socratas,
1630 5577 1652 5649 l.
1677 5596 1706 5648 ε.
1728 5579 1765 5648 in
1787 5579 1850 5650 alia
1872 5579 2052 5650 verborum
2072 5579 2175 5650 forma

1360 5686 1507 5769 Ἰόνιος,
1531 5691 1571 5760 al.
1595 5697 1630 5761 at
1659 5697 1775 5764 nolam
1803 5691 2174 5779 illdam,1liaaplorus
