4594 6452
1199 168 1399 235 -ίίθ-
1528 221 1536 228 .

814 337 863 394 la,

426 484 627 544 ΕΠΙΣΤΟΔΗ
687 480 876 542 numeria
941 478 1248 541 mdxrANrnror

471 599 573 655 ΠΡΟΣ
612 595 808 654 ΣΑΒΩΡΙΟΝ
847 595 927 652 TON
965 593 1045 651 ΤΩΝ
1091 593 1248 652 ΠΕΡΣΩΝ

470 710 635 767 eulalia
673 709 766 766 ΠΕΡΙ
801 707 878 804 ΤῌΣ
914 705 993 762 ΤΟΥ
1027 705 1132 800 ΔΑΟΪ
1167 707 1248 764 ΤΟΥ
1301 734 1304 740 ·

472 823 579 880 odor
601 819 810 878 ΠΡΟΝΟΙΑΣ.

471 993 532 1064 Τὴν
559 990 641 1058 θείαν
655 993 756 1058 πίστιν
780 989 943 1080 φυλάττων
957 999 1011 1054 τοῦ
1025 999 1082 1066 τῆς
1101 987 1246 1066 ἀληθείας

426 1107 522 1195 φωτὸς
536 1102 778 1194 μεταλαγχάνω·
792 1111 837 1184 τῷ
852 1112 908 1176 τῆς
923 1100 1069 1177 ἀληθείας
1083 1103 1159 1192 φωτὶ
1173 1095 1245 1172 ὁδη-

425 1217 566 1308 γούμενος
588 1215 646 1286 τὴν
669 1211 751 1280 θείαν
773 1215 874 1279 πίστιν
897 1213 1090 1304 ἐπιγινώσκω.
1120 1212 1244 1304 Τοιγάρ-

425 1353 473 1394 τοι
502 1335 541 1403 ὡς
565 1327 608 1392 τά
631 1326 804 1417 πράγματα
826 1319 964 1418 ύεβαιυῦ,
987 1325 1044 1397 τὴν
1068 1324 1244 1416 ἀγιωτάτην

424 1441 582 1530 θρησκείαν
604 1431 738 1529 γνωρίζω
759 1429 945 1506 διδάσκαλον
968 1431 1060 1502 οὖσαν
1082 1447 1139 1512 τῆς
1169 1436 1243 1528 γνώ-

424 1559 496 1627 σέως
517 1561 571 1616 τοῦ
594 1549 769 1641 ἁγιωτάτων
785 1559 872 1636 Θεοῦ,
888 1550 1006 1620 ταύτην
1020 1549 1078 1620 τλν
1101 1551 1244 1638 λατρείαν

424 1665 503 1754 ἔχειν
526 1667 675 1753 ὁμολογῶ,
697 1660 806 1726 τούτου
820 1670 875 1726 τοῦ
899 1671 976 1726 Θεοῦ
998 1683 1056 1750 μου
1074 1652 1243 1732 τὴνδύνα-

342 1795 345 1806 ·
424 1801 474 1866 μιν
496 1777 573 1866 ἔχων
596 1775 766 1864 σύμμαχον,
788 1779 823 1839 ἐκ
837 1783 897 1839 τῶν
919 1772 1059 1864 περάτων
1073 1782 1127 1838 τοῦ
1149 1779 1246 1840 ὼκεα-
1275 1759 1282 1768 ’

424 1899 474 1954 νοῦ
495 1881 667 1992 ἀρξάμενος,
681 1898 786 1954 πάσαν
808 1877 915 1976 ἐφεξῆς
928 1886 986 1956 τὴν
1006 1885 1179 1974 οίκουμένην
1194 1878 1243 1950 Ga·

426 2003 501 2084 βαία
516 2001 664 2090 σωτηρίας
678 1999 800 2064 ἐλπίσιι
824 1990 971 2088 διήγειρα,
989 2005 1028 2073 ῶς
1044 1995 1170 2062 ἅπαντα
1185 1999 1243 2062 ὅσα

423 2113 481 2178 ὑπὸ
502 2113 654 2187 τοσούτοις
675 2111 838 2201 ’περάννοιςέ
857 2109 926 2180 ἐθνη
944 2101 1163 2199 δεδουλωμένα,
1178 2119 1245 2182 ταῖς

278 2249 283 2262 ·
330 2253 333 2264 ι
425 2225 635 2314 καθημθοιναίς
649 2225 832 2313 συμφυραϊςύ
850 2221 1020 2313 τρυχόμενα
1042 2213 1171 2298 ἐξίτηλα
1194 2221 1244 2313 γέ-

423 2361 501 2430 γονε,
523 2347 628 2402 ταῦτα
650 2346 699 2400 νῦν
721 2335 998 2425 προσλαμβάνοντα
1018 2335 1079 2403 τὴν
1100 2344 1161 2399 τῶν
1183 2357 1243 2399 κοι-

422 2460 477 2514 νῶν
492 2443 635 2523 ἐκδικίαν,
650 2445 748 2537 ὥσπερ
773 2447 831 2512 dard
853 2452 972 2522 πολλῆς
986 2447 1064 2522 τινὸς
1086 2443 1245 2536 θεραπείας

425 2553 720 2650 ἀναζωπυρηθέντα,
745 2565 870 2650 αύχυῦσι
896 2559 933 2624 τέ
955 2561 1011 2624 καί
1031 2557 1244 2650 ἀγάλλονται,

425 2661 477 2740 καί
507 2672 737 2764 πανηγυρικὰς*
760 2682 804 2754 τῷ
828 2681 894 2753 Θεῷ
925 2677 1109 2738 ἐπιτελοῦσιν
1131 2671 1244 2760 ἐορτάς.

426 2795 537 2850 Τοῦτον
559 2784 612 2848 τὸν
636 2784 711 2848 Θεθν
734 2783 795 2874 ἐγὼ
817 2784 988 2874 πρεσβεύω,
1011 2777 1099 2872 ούπερ
1122 2783 1159 2847 τὸ
1185 2805 1243 2854 ση-

355 2939 358 2944 ‹
429 2908 510 2986 μεῖον
533 2897 575 2978 ⁶.⁵
599 2902 683 2978 αύτῷ
705 2897 898 2985 ἀνακείμενός
920 2897 999 2984 μυιί
1021 2895 1151 2985 στρατὸς
1172 2893 1244 2984 ὺπέρ

425 3018 485 3074 τῶν
500 3007 587 3096 ὤμων
611 3007 697 3098 φέρει,
721 3009 773 3072 καί
796 3010 843 3097 ἐφ’
861 3007 936 3098 ἅπερ
959 3009 996 3072 ἀν
1019 3016 1105 3072 ecee
1128 3000 1245 3071 δικαίου

426 3121 516 3210 λόγος
530 3125 713 3210 παρακαλεῖ,
729 3117 954 3185 κατευθύνεται.
970 3111 1025 3194 Ἐξ
1048 3125 1146 3184 αὐτῶν
1169 3110 1199 3183 δ’
1215 3124 1243 3182 ἐ·

425 3233 525 3296 κείνων
554 3231 726 3322 περιφανέσι
756 3231 909 3321 τροπαίοις
937 3231 1049 3294 αὐτίκα
1072 3230 1129 3300 τὴν
1156 3228 1245 3320 χάριν

425 3343 582 3434 λαμβάνω.
607 3353 718 3408 Τοῦτον
740 3343 793 3408 τὸν
818 3343 892 3408 ocio
917 3349 1072 3432 ἀκραιφνεῖ
1098 3344 1152 3407 καί
1182 3365 1245 3406 κα-

393 3517 396 3524 .
427 3455 504 3548 θαρᾷ
520 3448 637 3538 διανοίᾳ
653 3463 684 3520 ἐν
699 3467 762 3531 τοῖς
777 3454 926 3520 ἀνωτάτω
941 3455 1103 3546 τυγχάνειν
1118 3463 1244 3546 ύπεραυ-
1270 3471 1275 3478 ·

427 3561 573 3660 γάζυμαι.
599 3579 710 3634 Τοῦτον
733 3559 768 3632 δέ
790 3567 843 3632 τὸν
861 3567 938 3632 Θεὸν
951 3573 1154 3656 ἐπικαλοῦμαι
1174 3567 1245 3659 γόνυ

428 3682 548 3764 κλίνας,
573 3679 687 3771 φεύγων
710 3679 792 3769 μέιί
815 3689 877 3744 πάν
902 3674 980 3768 αίμα
1005 3670 1170 3762 βδελυκτύν
1193 3681 1247 3744 καί

426 3791 522 3880 ὁσμάς
543 3783 646 3866 ἀηδεῖς
660 3792 713 3854 καί
729 3791 962 3882 ἀποτροπαίους,
977 3799 1082 3854 πάσαν
1095 3783 1142 3856 ’δέ
1164 3796 1244 3880 λαμ·

427 3895 547 3974 πηδύνα
562 3905 714 3982 ἐκκλίνων,
731 3898 777 3978 αἷς
799 3911 819 3973 ἡ
835 3905 1010 3993 παμμίαρος
1033 3903 1086 3968 καί
1105 3901 1247 3992 ἀθέμιτας

380 4049 382 4054 ·
427 4016 529 4103 πλάνη
554 4017 702 4106 χαίρουσα
737 4015 867 4090 πολλοὺς
899 4025 959 4080 τῶν
989 4013 1079 4080 ἐθνῶν
1103 4016 1156 4080 καί
1186 4016 1246 4079 ύλα

427 4127 499 4218 γίνη
522 4126 663 4217 χράνασα
686 4123 852 4217 κατέρριψε,
866 4137 929 4201 τοῖς
947 4125 1123 4192 κατωτάτω
1146 4151 1244 4217 παρα-

428 4233 523 4303 δοῦσα
552 4237 675 4326 μέρεσιν,
701 4237 741 4302 Ἃ
762 4237 821 4328 γάρ
852 4245 868 4302 d
898 4227 972 4312 Θεδς
995 4248 1055 4302 τῶν
1086 4236 1246 4328 ἀνθρώπων

475 4443 552 4527 Cap.
571 4443 624 4510 XI.
650 4440 823 4522 Eusebius,
849 4442 912 4512 vir.
938 4444 1051 4510 Consi.
1076 4445 1132 4520 IV,
1156 4464 1188 4510 υι
1213 4448 1247 4511 et

431 4571 499 4640 seq.
525 4553 767 4628 Theodericus.
792 4555 826 4631 i,
850 4575 935 4636 xxv3
957 4538 996 4622 ci.
1018 4555 1118 4623 etiam
1141 4557 1246 4636 Sozo-

377 4687 383 4698 ’
430 4684 548 4736 menos
573 4673 606 4734 et
628 4666 833 4752 Nicephorus
857 4666 921 4734 loc.
946 4665 1012 4734 alls

474 4782 486 4826 ¹
512 4779 566 4848 Sic
590 4779 695 4848 codex
718 4770 829 4861 βεύαία
852 4779 1003 4868 σωτηρίας
1026 4779 1137 4862 ἐλπίσι,
1163 4795 1247 4865 quae

429 4889 574 4976 corrigas
598 4891 650 4960 rel
673 4907 749 4958 cum
773 4889 975 4960 Theodorite
992 4889 1116 4959 codicis
1138 4889 1247 4958 Allatii

429 4997 566 5078 ύεύαίαις
588 5005 736 5094 σωτηρίας
758 5005 869 5087 ἐλπίσι,
889 5002 941 5072 vel
966 5003 1077 5085 βεβαίᾳ
1100 5004 1249 5092 σωτηρίας

428 5109 529 5180 ἐλπίδι
552 5134 628 5186 com
652 5115 767 5185 codice
791 5116 892 5202 Regio
915 5119 942 5184 J.
968 5116 1062 5196 Pioi;
1088 5115 1248 5204 cinctas

430 5228 470 5296 ed
495 5229 744 5312 Theodericum,
768 5229 821 5296 ed.
846 5227 1001 5314 Readiog.

475 5339 625 5408 ²·Primo
650 5347 721 5409 erat
742 5338 894 5429 τυράννοις.
924 5329 932 5338 ’

476 5454 490 5498 ³
515 5451 627 5520 Codex
650 5463 837 5542 ουμρσοραια

477 5567 490 5610 ⁶
514 5568 551 5635 in
573 5566 721 5650 margine
744 5583 865 5648 manu,
889 5572 927 5634 ut
954 5549 1105 5651 ridetur,
1129 5567 1266 5637 seriori'

431 5681 874 5769 οπερμηαλλ.,.1.....;
910 5695 994 5765 quae
1029 5683 1245 5766 peronneto

434 5791 520 5875 dedi,
546 5809 584 5861 ex
609 5797 704 5878 parte
724 5791 775 5860 rei
799 5791 934 5886 omnino
958 5791 1140 5878 perierunt.

1336 325 1475 416 πρόνοιαν
1497 316 1549 389 διά
1572 319 1792 414 φιλανθρωπίαν
1825 323 1961 390 οίκείανῦ
1983 324 2164 414 ποιούμενος

1336 437 1438 526 χρείας
1466 443 1550 526 ημῶν
1580 435 1669 502 ἕνεκα
1698 443 1738 511 είς
1762 441 1932 526 τούμφανὲς
1963 435 2159 528 παράγαγε,

1335 557 1438 614 ταῦτα
1457 548 1528 638 πρὸς
1545 548 1609 618 τλν·
1624 547 1755 614 ἐκάστου
1778 546 1937 637 ἐπιθυμίαν
1953 557 2059 623 κακῶς
2080 550 2161 638 adp·

1336 657 1597 750 χεται·“καθαράν
1621 651 1656 723 δέ
1685 657 1778 748 μόνην
1809 651 1944 724 διάνοιαν
1973 661 2029 724 καί
2060 658 2161 751 φυγὴν

1336 765 1527 845 ἀκηλίδωτον
1553 773 1638 864 παρά
1661 771 1834 862 ἀνθρώπων
1851 778 1981 838 ἀπαιτεῖ
1988 822 1999 850 ,
2023 771 2084 847 τάς
2106 783 2162 848 τῆς

1335 891 1445 974 ἀρετῆς
1470 886 1523 950 καί
1545 885 1697 967 εὐσεβείας
1722 874 1844 974 πράξεις
1862 890 1897 949 ἐν
1919 883 2040 958 τούτοις
2062 881 2159 948 σταθ-

1335 995 1476 1086 μώμενοι·
1489 991 1670 1070 Ἐπιεικείας
1690 996 1750 1086 aar
1773 995 1826 1060 καὶ
1849 995 2040 1085 θανόντε
2063 997 2160 1087 θυι

1335 1109 1496 1198 ἀρέσκεται
1526 1107 1638 1198 πράους
1665 1112 1777 1196 φιλῶν,
1799 1115 1893 1196 μισῶν
1914 1105 1984 1182 τούς
2010 1107 2160 1198 ταραχαί,

1335 1214 1410 1298 δας,
1432 1227 1562 1311 ἀγαπῶν
1584 1219 1642 1290 τὴν
1667 1221 1789 1296 πίστιν,
1813 1219 1959 1282 ἀπιστίαν
2000 1209 2160 1294 κολάζων,

1333 1330 1437 1397 πάσαν
1451 1331 1534 1421 μετά
1547 1323 1727 1407 ἀλαζονείας
1741 1333 1755 1378 ⁰
1778 1324 1958 1394 δυναστείαν
1981 1331 2160 1420 καταγνυίς

1333 1443 1539 1528 καταβάλλει,
1560 1443 1640 1533 ύβριν
1661 1441 1855 1534 ὑπερηφάνων
1877 1453 2067 1532 τιμωρεῖται,
2090 1443 2159 1516 τούς

1333 1554 1391 1620 ῦπθ
1432 1555 1525 1644 τύφου
1559 1554 1769 1644 ἐπαιρσμίνοιις
1798 1561 1833 1619 ἐκ
1872 1548 1989 1644 ύάθρων
2024 1561 2159 1643 ἀναιρεῖ.

1326 1659 1430 1742 Ὸθτος
1451 1667 1505 1730 καί
1526 1659 1684 1730 βασιλείαν
1708 1658 1830 1730 δικαίαν
1854 1667 1920 1756 περί
1951 1671 2072 1732 πολλα]
2095 1689 2160 1732 ποι·

1332 1779 1454 1868 ούμενυς
1473 1789 1541 1854 ταῖς
1567 1780 1640 1868 παρ’
1664 1785 1756 1844 αὑτοῦ
1786 1779 1967 1868 ἐπικουρίαις
1999 1779 2160 1869 κρατύνει,

1333 1889 1445 1954 σύνεσίν
1477 1913 1514 1954 τε
1547 1889 1707 1971 βασιλικὴν
1734 1899 1780 1972 τῷ
1802 1893 1962 1981 γαληναίῳ
1992 1901 2052 1964 τῆς
2079 1891 2158 1980 ε’φη-

1333 1987 1608 2094 νηςδιαφυλάττει.
1633 2003 1684 2068 Διθ
1707 2005 1818 2093 χαίρων
1838 2001 1920 2093 ἄγαν
1944 2001 2158 2092 ῦπεραγάλλυ-

1334 2137 1400 2203 μαι,
1415 2108 1540 2203 ἀδελφέ,
1563 2123 1670 2178 τοῦτον
1687 2113 1761 2178 Θεθν
1776 2109 1851 2178 εἶναι
1875 2119 2020 2204 ὁμολογῶ
2036 2115 2158 2179 πάντων

1334 2225 1470 2317 ἀρχηγὸν
1493 2227 1545 2291 καί
1568 2236 1704 2315 σωτῦρα,
1728 2224 1759 2289 θν
1782 2227 1892 2290 πολλοί
1914 2235 1976 2290 τῶν
1999 2217 2081 2312 τῇδε
2104 2219 2159 2288 Ga-

1334 2337 1558 2417 σιλεισάντων,
1588 2333 1749 2427 μανιῶδεσι
1783 2337 1916 2412 πλάναις
1945 2335 2160 2426 ὑπαχθέντες,

1334 2451 1532 2540 ἐπεχείρησαν
1547 2448 1743 2540 ἀρνήσασθαι.
1758 2447 1848 2514 Ἀλλ’
1867 2451 1995 2524 ἐκείνως
2016 2448 2161 2522 ἅπαντας

1334 2571 1467 2627 τοιοῦτον
1494 2563 1620 2653 τιμωρὸν
1646 2561 1734 2638 τέλος
1763 2561 2004 2656 κατανάλωσεν,
2027 2570 2069 2638 ὡς
2102 2572 2161 2626 πάν

1333 2673 1371 2738 τὸ
1386 2675 1455 2762 μετ’
1463 2676 1589 2750 ἐκείνους
1604 2673 1764 2765 ἀνθρώπων
1778 2675 1863 2766 γένος
1876 2675 1935 2750 τάς
1949 2677 2072 2740 ἐκείνων
2086 2697 2155 2762 συμ-

1335 2784 1426 2875 φυριὶς
1447 2791 1503 2850 οῦκ
1531 2787 1599 2850 ἀντ’
1612 2785 1737 2852 ἀλλουί
1761 2777 2017 2876 παραδείγματος
2039 2784 2064 2858 ἢ
2086 2786 2155 2848 ταί·

1336 2919 1393 2971 τας
1414 2896 1499 2986 παρά
1521 2907 1584 2972 τοῖς
1605 2897 1647 2962 τά
1671 2900 1761 2985 ὅμοια
1775 2889 1900 2973 ζηλοῦσι
1914 2895 2066 2962 τίθεσθαι.
2084 2899 2154 2960 Τού-

1336 3031 1396 3071 των
1411 3009 1548 3072 ἐκείνωνῖ
1564 3009 1617 3073 ἕνα
1632 3017 1765 3099 ἡγοῦμαι
1780 3008 1945 3101 γεγονέναι,
1961 3011 1995 3072 ὅν
2018 3007 2159 3094 καθάπέρ

1336 3143 1382 3194 τις
1403 3121 1540 3196 σκηπτὸς
1561 3129 1581 3192 η
1606 3115 1672 3186 θεία
1696 3113 1765 3191 δίκη
1789 3131 1849 3186 τῶν
1871 3111 1950 3206 τῇδε
1965 3119 2157 3184 ἀπελάσασα

1336 3477 1426 3520 παιον
1440 3455 1652 3544 ἀπυφῄναντα.
1676 3452 1776 3538 ῘΑλλά
1799 3454 1860 3545 γάρ
1883 3455 1978 3519 ἔοικεν
2001 3462 2044 3529 είς
2069 3459 2159 3518 καλὸν

1336 3565 1597 3656 πρυκεχωρηκέναι
1623 3568 1660 3632 τδ
1682 3568 1734 3632 καὶ
1757 3573 1787 3632 ἐν
1810 3575 1855 3648 τῷ
1877 3566 1949 3631 καθ’
1969 3576 2056 3656 ἡμᾶς
2081 3575 2159 3631 doe

1335 3678 1393 3748 τὴν
1414 3688 1474 3742 τῶν
1496 3678 1638 3743 τοιούτων
1652 3681 1795 3768 τιμωρίαν
1817 3689 1969 3768 περιφανῆ
1988 3669 2155 3766 δειχθῆναι

1336 3781 1475 3854 ’ereio
1497 3791 1556 3880 γάρ
1579 3793 1633 3855 καὶ
1663 3791 1839 3866 αὐτὸς...δ
1862 3792 1980 3856 ἐκείνων
2004 3790 2048 3853 τὰ
2072 3789 2155 3858 τέλη.

1337 3908 1396 3964 τῶν
1411 3900 1541 3992 ἔναγχος
1556 3900 1708 3991 ἀθεμίτοις
1726 3903 1947 3994 προστάγμασι
1961 3901 2017 3966 τὸν
2031 3912 2078 3982 τῷ
2094 3911 2156 3978 Θαῇ

1338 4014 1529 4102 ἀνακείμενον
1560 4005 1792 4104 ἐκταραξάντων
1822 4013 1908 4078 λαόν.
1945 4011 1997 4077 Διὸ
2032 4003 2074 4082 δὴ
2108 4015 2157 4076 καί

1337 4127 1440 4197 πολλὴ
1463 4127 1550 4218 χάρις
1568 4137 1612 4209 τῷ
1637 4137 1720 4210 Oui,
1742 4130 1790 4192 ὅτι
1813 4128 1918 4208 τελεία
1942 4126 2067 4215 προνοίᾳ
2097 4135 2156 4188 τάν

1337 4237 1374 4302 τὸ
1405 4236 1583 4328 ἀνθρώπινον
1613 4237 1717 4330 γένος,
1746 4239 1783 4304 τὸ
1814 4236 1971 4327 φυλάττον
2000 4237 2053 4300 τὸν
2084 4235 2156 4298 θεῖον

1382 4442 1435 4504 θο
1459 4446 1541 4522 αυτῷ
1565 4461 1606 4512 er
1630 4441 1836 4526 correctione
1863 4439 1992 4526 primae
2016 4456 2155 4514 maous;

1339 4552 1446 4638 primo
1471 4561 1542 4622 erat
1565 4560 1657 4618 αυτοῦ
1682 4561 1824 4622 rantum.

1382 4665 1397 4710 ⁶
1421 4665 1475 4733 Sic
1498 4665 1603 4734 codex
1630 4683 1670 4734 ex
1701 4663 1912 4754 praecedenti
1945 4664 2051 4750 prima
2087 4663 2153 4731 iec-

1338 4776 1440 4861 tione,
1465 4795 1540 4846 cum
1564 4778 1767 4848 Theoderite
1791 4777 1866 4864 lego
1890 4799 1959 4872 μου.

1384 4890 1397 4936 ⁷
1420 4889 1474 4978 μὲν
1497 4889 1690 4976 superaddit
1712 4890 1820 4959 serior
1842 4907 1974 4958 manus.

1383 5001 1398 5046 ⁸
1422 5001 1535 5070 Codex
1557 5002 1664 5070 οἰκίαν.

1384 5115 1398 5160 ⁸
1423 5113 1536 5201 Codex
1558 5109 1744 5190 ἀλαζονείας

1386 5229 1398 5274 ¹
1422 5227 1533 5295 Primo
1557 5233 1629 5296 erat
1651 5225 1800 5295 ἀντάλυυ.

1278 5347 1283 5364 ·
1384 5341 1398 5384 ¹
1422 5341 1616 5408 correctum
1639 5347 1756 5424 postea
1778 5338 1888 5404 ἐκείνου
1914 5338 2063 5424 (exone).

1385 5451 1535 5520 ³Prim0
1558 5450 1706 5542 ὑμετίρεε
1807 5491 1839 5526 ,·
1976 5459 1982 5467 ’

1382 5564 1533 5632 ‘Codex
1562 5563 1648 5632 maie
1679 5547 1833 5648 riaeous,
1856 5563 1890 5633 io
1923 5565 2031 5650 spatio
2062 5563 2160 5632 trium

1337 5677 1406 5746 iere
1429 5677 1599 5746 literarum
1622 5666 1775 5746 rideatur
1797 5675 1934 5763 vestigia
1958 5693 2044 5746 asse
2070 5677 2159 5746 voci·

1338 5791 1398 5870 ἐπ’,
1423 5790 1528 5878 prima
1551 5791 1646 5860 litera
1670 5797 1764 5860 certo
1787 5795 1839 5858 est
1861 5811 1889 5858 ε.
