4594 6452
820 249 1096 351 ·-ἑιιι-

119 429 302 504 immor
318 421 595 520 nosupeontum
614 431 698 500 etat.
718 426 761 498 ut
779 443 858 500 num
870 426 936 501 'co-

118 553 263 648 plurem
276 555 369 647 uuld
386 559 483 630 meet
498 553 564 628 lata
582 555 682 638 visio,
701 543 858 628 ¹⁸uulritn
872 556 937 629 cla·

119 682 233 756 navia
256 699 342 756 uoce
358 685 492 773 ⁸ma‘pua
506 743 509 748 .
524 689 558 756 at
587 682 711 756 timore
742 683 869 773 plena,
901 688 939 756 ut

119 813 399 882 commoveretur
415 814 485 882 tota
512 815 607 884 terra·
629 827 754 884 avoca
779 809 876 918 ciue:
905 813 940 882 et

118 933 206 1008 vidi:
233 923 263 970 ¹⁷
277 937 313 1010 et
329 951 423 1018 eoae,
442 935 591 1026 amplius
609 937 735 1008 mulier
751 953 823 1009 non
843 953 937 1008 cnm·

119 1061 262 1153 parebat
279 1061 377 1148 milri,
396 1063 462 1138 aod
487 1063 607 1137 cirins
627 1082 717 1156 quae
738 1064 940 1138 aedificaba-

119 1195 187 1273 tur,
203 1189 354 1264 et-louuo
372 1189 558 1282 apparabat
573 1197 737 1283 tanquam
757 1191 801 1264 de
819 1192 952 1264 lunda·⁴

121 1317 249 1390 mentia
275 1317 426 1408 magula:
453 1323 491 1390 et
506 1318 617 1400 timui,
636 1325 674 1390 ct
690 1319 834 1392 clamavi
852 1335 939 1392 roco

120 1461 257 1534 manua.
276 1451 312 1518 et
328 1443 415 1528 dixi.
442 1433 473 1482 ¹⁸
490 1445 555 1517 lloi
582 1451 636 1518 ost
661 1445 753 1518 Uriel
779 1445 937 1536 angelus,

120 1571 181 1663 pul
200 1590 220 1644 a
238 1571 296 1646 dle
312 1573 427 1664 primo
444 1579 587 1648 uouerat
604 1573 648 1646 ad
667 1577 754 1647 mel
773 1574 938 1665 quoniam

119 1697 196 1790 ipae
214 1715 270 1772 mo
288 1697 369 1774 tecit
385 1701 504 1774 rantra
522 1699 567 1772 ad
585 1699 840 1773 multitudinem
859 1705 936 1774 ter·

119 1823 209 1918 totio
225 1825 343 1917 liujus,
359 1832 394 1900 at
408 1825 519 1900 laotos
533 1811 588 1900 'est
603 1827 686 1900 linis
700 1845 799 1900 mans
813 1827 849 1898 ln
865 1835 939 1920 cor·

117 1952 328 2044 ruptionem,
343 1953 505 2028 atomon
524 1969 600 2027 mea
619 1955 656 2026 in
674 1955 936 2046 improperium

170 2067 202 2118 '⁹
217 2079 261 2152 tit
285 2079 371 2152 dum
397 2096 514 2154 eneam
541 2080 691 2170 loquens
718 2080 828 2166 haee,
858 2099 937 2156 cum
965 2087 969 2090 ’

116 2203 294 2298 proiectam
312 2221 439 2282 assam
456 2213 495 2282 ut
520 2214 677 2283 manuus
703 2227 811 2301 anper
832 2213 935 2294 terra,

117 2333 215 2406 venit
239 2332 285 2406 ad
311 2305 369 2408 u‘ae
395 2311 540 2427 angelus
559 2336 620 2426 qui
638 2335 800 2420 veniebat
817 2337 859 2409 ad
879 2355 937 2410 me

112 2465 243 2542 numa.
280 2466 317 2534 et
351 2461 438 2536 rldit
473 2479 529 2535 me
560 2451 592 2498 ⁸⁰
608 2462 802 2554 projectum
828 2480 937 2554 anper

115 2591 208 2660 terra
235 2593 273 2662 ul
293 2593 486 2674 mortuam,
509 2596 545 2663 et
570 2605 697 2665 seusus
724 2607 824 2662 maus
851 2590 937 2662 alte

115 2717 320 2798 uatmorat,
350 2721 384 2788 ot
400 2694 513 2790 tenult
537 2715 714 2788 darmram
746 2731 872 2800 meam,
901 2721 937 2796 el

116 2839 321 2918 conlocarit
338 2859 407 2926 me,
426 2849 462 2916 et
478 2836 596 2916 aulul
623 2861 680 2918 me
702 2863 808 2936 anper
825 2841 934 2936 pedae

116 2954 284 3052 moueat
308 2967 396 3042 dixit
422 2967 518 3053 milri,
547 2959 575 3004 ³¹
596 2971 688 3056 Quid
718 2971 808 3067 tilii
838 2978 873 3044 et
890 2971 936 3045 de

86 3097 464 3186 nnccnnnorensr
491 3103 527 3170 et
551 3113 659 3188 qnare
685 3095 937 3170 allonatneast

108 3221 311 3298 intellectus
337 3229 430 3308 tuns,
450 3229 488 3298 et
511 3229 639 3298 senens
657 3223 773 3298 cordia
788 3226 868 3298 tuit
893 3225 936 3298 lit

115 3345 189 3426 dlxi
215 3350 260 3431 ei.
274 3338 319 3392 ‘⁸’
336 3351 509 3437 Quoniam
536 3351 754 3444 dereliquisti
781 3369 847 3434 ma,
868 3369 934 3444 ego

115 3475 210 3550 anim
228 3469 294 3551 le'ci
311 3465 353 3550 nt
368 3477 486 3552 dlxlatl
503 3477 600 3560 milit,
621 3483 655 3551 at
673 3479 771 3552 rani·
789 3477 826 3550 in
840 3495 934 3552 cam·

114 3617 217 3700 pum:
235 3607 272 3673 at
287 3618 370 3674 enne
383 3599 466 3684 ridi,
482 3607 517 3676 et
534 3599 637 3674 rideo
655 3601 751 3693 quod
770 3619 841 3676 non
854 3619 935 3694 pos·

114 3741 195 3800 oum
212 3727 397 3820 expllcare.
428 3727 472 3802 ut
501 3729 702 3820 respondit,
731 3735 766 3802 et
784 3729 872 3802 dixit
889 3727 935 3802 ad

114 3871 192 3938 mo,
224 3843 255 3891 ⁸³
273 3855 332 3928 Sta
358 3873 465 3948 cuper
490 3857 601 3948 pedae
622 3863 716 3940 tuos,
735 3865 770 3932 et
788 3857 932 3931 demon·

113 3981 232 4056 aurbu
251 3981 325 4058 tilal.
343 3981 472 4056 litdixl
491 3983 535 4068 ei,
564 3973 594 4020 '⁴
611 3985 771 4076 umnam
784 3985 932 4060 llomlne

113 4125 240 4193 meuc,
268 4113 305 4184 ut
328 4115 461 4184 autum
487 4128 534 4184 ue
557 4109 780 4204 derelinquas
806 4128 874 4196 ma,
894 4119 933 4186 nt

112 4251 188 4310 nou
203 4237 332 4310 mortar
349 4237 386 4310 lu
404 4243 562 4331 tempore
578 4221 651 4312 uon
670 4256 764 4314 meo:
795 4227 825 4274 ³⁸
843 4255 932 4332 quo·

112 4361 206 4436 ulam
218 4361 291 4436 ridi
304 4381 481 4456 quaeum
498 4365 663 4450 octabam
679 4373 715 4440 et
727 4363 831 4440 audio
841 4385 932 4459 quae

113 4505 186 4564 noa
199 4507 388 4582 coruom.
402 4481 503 4566 “Aut
514 4491 676 4586 nunquid
688 4511 816 4568 sensus
831 4473 932 4568 meua

113 4615 199 4690 lallit
222 4635 301 4702 ma,
328 4623 365 4693 et
392 4619 506 4694 aalma
524 4637 601 4694 mea
618 4621 794 4696 somnium
812 4621 934 4695 aldati

112 4729 143 4776 ⁸¹
156 4743 257 4818 lluuc
272 4749 388 4820 autem
400 4743 571 4840 depmcur
589 4751 633 4832 te,
653 4747 799 4822 llnmiuo
816 4763 930 4833 mem,

113 4867 314 4946 mnemon
339 4889 444 4948 carro
470 4879 530 4948 too
549 4871 595 4948 da
612 4873 747 4948 risione
773 4872 839 4950 dac
864 4880 932 4949 tur·

112 4995 217 5074 ribili.
819 5021 825 5038 ·

164 5123 429 5220 urrnpnndtn
457 5135 493 5202 et
510 5127 598 5204 dixit
614 5130 659 5204 ad
685 5147 762 5216 me,
790 5121 930 5206 ”aaut
956 5205 964 5224 ,

112 5266 170 5324 ma
186 5257 223 5324 at
238 5249 375 5330 daneon
390 5259 437 5339 to,
457 5261 492 5330 at
517 5256 678 5331 rarelallo
695 5257 757 5332 ttoi
784 5257 829 5334 de
856 5260 932 5352 uui·

112 5375 180 5450 hoa
211 5378 335 5456 dmm:
361 5381 529 5474 muniam
546 5377 744 5460 Altiadmoa
767 5380 933 5462 revelarit

112 5503 178 5580 tlot
194 5507 359 5598 mputorla
384 5509 502 5584 multa.
522 5499 552 5549 ”
565 5509 660 5586 Vidit
676 5513 769 5588 enlm
788 5515 928 5590 rectitu-

113 5631 232 5710 diuam
258 5641 353 5712 tmm
362 5639 580 5730 ,caculam
597 5639 697 5716 rude
714 5643 929 5722 contristarit

113 5759 157 5838 da
174 5763 304 5858 populo
330 5771 416 5853 tuo,
444 5773 481 5845 at
505 5767 608 5848 ratde
622 5769 722 5864 lanea
738 5783 847 5866 caper
862 5787 929 5866 po·

1031 427 1153 520 pnlom
1182 432 1290 510 tuum,
1314 429 1350 501 et
1367 377 1467 500 nrm
1493 427 1598 518 luges·
1620 437 1728 518 super
1755 427 1852 502 Sion.

1032 545 1063 590 ‘⁰
1080 555 1155 629 lton
1174 561 1228 628 cat
1246 555 1350 647 igitur
1368 556 1528 650 verbnm
1544 555 1666 630 liuli’er
1684 575 1774 648 quaa
1793 563 1852 648 ap·

1031 685 1151 774 paruit
1164 683 1227 756 tint
1246 689 1325 756 anm
1343 686 1535 774 paululum,
1554 674 1686 777 “quae
1703 685 1866 776 topanta
2000 673 2008 684 ’

1033 817 1068 884 et
1086 809 1255 884 inchoasti
1274 811 1447 884 consolari
1458 819 1559 897 ¹eam;
1578 801 1652 884 “et
1670 827 1764 886 nnuc
1782 828 1854 886 non

1033 937 1124 1011 elcut
1159 939 1282 1012 mulier
1309 944 1451 1038 apparet
1485 937 1573 1021 tibi,
1596 938 1668 1014 ¹sed
1699 941 1856 1031 apperuit

1034 1063 1098 1138 tint
1124 1063 1216 1138 sicut
1242 1065 1362 1138 civitas
1399 1075 1503 1156 quae*
1518 1065 1742 1160 aedificatur:
1771 1055 1800 1100 ‘⁸
1821 1071 1856 1138 et

1035 1190 1132 1281 quod
1149 1189 1333 1263 enarrabat
1350 1189 1414 1264 tibi
1434 1190 1479 1264 do
1498 1191 1688 1264 calamitate
1705 1190 1766 1266 dlii
1785 1193 1853 1276 aul,

1032 1315 1120 1390 haec
1152 1317 1279 1390 solutio
1307 1324 1370 1392 est.
1399 1309 1430 1352 ⁸⁸
1444 1319 1566 1398 diutior
1584 1335 1697 1410 quam*
1715 1317 1853 1422 vidisti,

1032 1445 1120 1518 lnaec
1147 1453 1202 1518 est
1230 1447 1329 1532 Sinn;
1359 1461 1465 1539 qnam
1492 1465 1588 1524 nune
1615 1449 1790 1539 compton
1818 1455 1856 1522 nt

1034 1573 1204 1646 muntem
1224 1573 1426 1648 aedidearl.'
1441 1565 1470 1610 ‘³
1484 1577 1526 1647 Et
1553 1574 1650 1666 qnod
1675 1575 1766 1648 dixit
1792 1575 1856 1648 tini

1030 1697 1078 1771 'de
1113 1699 1323 1790 semetpsa
1353 1702 1434 1792 quia
1462 1701 1590 1774 sterilis
1617 1701 1682 1774 luit
1716 1702 1856 1794 triginta

1032 1826 1151 1898 annis:
1180 1828 1344 1916 quoniam
1363 1829 1427 1900 tuit
1445 1829 1490 1901 ln‘
1506 1829 1647 1902 saeculo
1666 1829 1730 1904 tria
1749 1829 1856 1904 mlllia

1032 1969 1214 2034 annornm,
1245 1952 1385 2044 qnando
1413 1971 1485 2027 nnn
1514 1953 1723 2036 oflerebatur
1748 1955 1786 2028 in
1814 1974 1854 2028 ea

1031 2077 1172 2173 oblatio.
1183 2069 1263 2152 “ut
1280 2079 1406 2152 tactum
1421 2087 1475 2154 est
1491 2086 1571 2171 post
1588 2081 1653 2154 tria
1671 2081 1853 2156 milliana-

1030 2221 1169 2288 uorum,
1198 2203 1390 2280 aedificarit
1416 2207 1581 2282 salomon
1607 2209 1792 2292 civilatem,
1819 2215 1854 2282 ot

1031 2330 1156 2405 obtulit
1181 2333 1218 2405 in
1237 2351 1277 2406 ea
1296 2329 1526 2407 oblationem:
1553 2341 1638 2409 tarne
1655 2335 1771 2427 ipsum
1789 2335 1854 2410 init

1030 2459 1127 2552 quod
1140 2461 1274 2552 poperlt
1286 2463 1414 2536 sterilia
1428 2463 1551 2536 illlum.
1567 2451 1644 2536 ‘'llt
1657 2463 1753 2555 quod
1766 2463 1854 2538 dixit

1029 2587 1104 2672 rint,
1121 2589 1285 2680 qnoniam
1304 2590 1448 2662 nutriuit
1465 2607 1546 2663 enm
1564 2589 1601 2662 in
1620 2589 1768 2674 tabore',
1784 2591 1852 2663 hoo

1029 2713 1094 2788 luit
1119 2713 1284 2788 lralritatin
1302 2715 1505 2789 lemaalem.
1534 2705 1565 2752 ‘⁸
1582 2716 1625 2788 ut
1651 2715 1747 2808 quod
1766 2715 1854 2790 dixit

1029 2840 1104 2924 tibi,
1126 2841 1223 2932 qnod
1248 2827 1462 2918 flllns'meus
1480 2843 1663 2934 ingrersus
1682 2849 1736 2916 est
1762 2843 1852 2928 intra

1029 2966 1216 3044 thalamum
1235 2989 1349 3053 suurn,
1370 2977 1405 3044 ct
1432 2978 1590 3048 mortuns
1609 2976 1674 3054 est,
1692 2969 1779 3044 liaeo
1797 2977 1852 3044 est

1028 3094 1130 3166 ruina
1156 3101 1191 3168 et
1208 3097 1383 3170 calamitas
1404 3097 1607 3170 Jerusalem.
1636 3087 1666 3136 *⁹
1684 3097 1736 3170 ut.
1753 3099 1851 3190 qnod

1027 3218 1145 3292 vidisti
1163 3219 1425 3298 similitudinem
1444 3219 1532 3311 ejus,
1553 3221 1729 3313 nnnnodn
1755 3225 1852 3317 lupe-
1948 3253 1958 3270 ,

1026 3347 1086 3421 bat
1102 3348 1194 3422 lilios
1221 3367 1306 3424 suos
1319 3351 1343 3433 ·,
1368 3355 1403 3423 et
1421 3357 1459 3424 tn
1485 3349 1656 3424 inchoasti
1671 3353 1848 3428 'musolati

1027 3495 1102 3550 eam
1122 3477 1167 3550 da
1184 3477 1240 3552 his
1260 3495 1350 3572 quae
1368 3461 1587 3572 contigerunt
1604 3481 1649 3555 ei.

1079 3593 1161 3678 ΜΕ(
1178 3623 1272 3681 nnnc
1286 3607 1372 3682 ridit
1389 3608 1601 3693 mansimus,
1622 3607 1787 3702 quonlam
1803 3630 1848 3685 ox

1026 3737 1096 3806 tnta
1115 3735 1229 3808 anima
1249 3743 1305 3809 tua
1331 3737 1554 3812 contristatus
1573 3755 1624 3821 es,
1645 3744 1680 3812 at
1703 3755 1747 3816 er
1774 3743 1847 3814 toto

1026 3859 1211 3935 eordu'tuo
1228 3861 1328 3937 dolen
1355 3881 1462 3956 super
1480 3883 1532 3948 ea,
1552 3871 1588 3938 et
1605 3865 1758 3968 osmndit
1782 3867 1847 3942 tint
1911 3939 1917 3950 .

1026 3989 1213 4065 claritatem
1240 3991 1380 4082 gloriae,
1402 3997 1437 4065 ct
1462 3991 1756 4083 pulchritudinem
1783 3993 1846 4068 de·

1026 4117 1118 4192 coris
1145 4109 1500 4209 ejnsat‘ornpterea
1527 4117 1600 4192 dixi
1628 4117 1690 4192 tllni
1718 4125 1757 4193 ut
1784 4139 1845 4196 ex·

1024 4249 1181 4334 pectaraa
1198 4263 1255 4319 ma
1274 4245 1311 4319 in
1329 4263 1453 4337 campo
1472 4244 1533 4320 noi
1550 4245 1678 4322 domna
1700 4265 1772 4322 nou
1791 4256 1847 4322 est

1024 4369 1212 4446 aeditlcata.
1241 4363 1443 4448 ‘'Scleham
1467 4375 1575 4458 enlm,
1595 4375 1761 4466 qnoniam
1789 4375 1844 4450 ln·

1023 4501 1140 4570 tnrnm
1167 4503 1241 4602 erat
1267 4507 1305 4572 ut
1330 4499 1528 4575 altissimae
1554 4500 1617 4576 tiltl
1645 4501 1846 4578 ostenderat

1023 4621 1110 4698 llaec
1130 4627 1263 4700 omnia:
1289 4616 1319 4662 ⁸³
1338 4631 1522 4720 propterea
1540 4627 1614 4704 otri
1641 4629 1704 4704 tibi
1729 4637 1767 4704 ut
1783 4649 1843 4706 re·

1023 4751 1119 4826 uires
1137 4752 1174 4826 ln
1192 4753 1388 4828 lnnumulri
1407 4773 1478 4828 nou
1505 4762 1560 4830 eat
1581 4755 1843 4832 tundamentum

1024 4877 1184 4952 aedilicii.
1210 4869 1240 4914 ⁵⁸
1258 4879 1328 4955 Nee
1346 4881 1441 4954 anim
1460 4887 1595 4973 poterat
1620 4899 1710 4974 opus
1728 4882 1843 4958 homi·

1022 5005 1079 5078 nia
1106 5025 1246 5082 manere
1272 5009 1308 5082 in
1335 5009 1425 5094 loco,
1447 5007 1506 5082 rrhi
1533 5009 1688 5084 laturum
1706 5017 1779 5086 erat
1805 5017 1844 5086 ut

1022 5133 1190 5208 atonint
1209 5135 1328 5210 clrior
1346 5137 1601 5212 ostenderetur.

1066 5253 1149 5336 “du
1162 5269 1277 5338 autom
1290 5281 1336 5340 ne
1349 5267 1609 5360 cinnamaque
1622 5273 1838 5344 commotae·

1020 5397 1079 5464 tur
1096 5407 1158 5465 eur
1173 5399 1293 5466 tunm:
1313 5393 1378 5492 aad
1395 5393 1590 5486 ingredere,
1609 5393 1743 5470 atride
1767 5395 1839 5470 cla·

1021 5519 1157 5592 natam
1167 5517 1382 5611 gloriaeejuu
1396 5525 1431 5594 et
1444 5521 1716 5614 magnitudinem
1725 5521 1843 5598 aedili·
1904 5537 1909 5548 ·

1023 5645 1067 5720 cii
1082 5645 1348 5738 nidummalum
1363 5665 1470 5740 capax
1484 5657 1537 5724 eat
1550 5649 1646 5724 rtem
1659 5649 1841 5726 oculorum
1901 5643 1906 5656 '

1023 5749 1310 5852 nnmmrtdere':
1323 5767 1394 5854 ”at
1407 5777 1723 5870 posthaecaudieo
1734 5795 1841 5872 quao-
