4690 6406
181 371 257 434 itt.
284 388 315 434 α.
343 381 446 452 usqne
470 365 607 432 indiam
633 363 720 432 huna
743 369 777 433 at

178 483 299 554 xxxv
344 479 498 548 uniuersa
523 496 622 564 opera
647 493 721 548 mea

344 600 377 660 at
400 591 515 659 omnia
536 609 620 677 quae
639 597 722 660 sunt

343 707 375 772 in
401 705 502 773 corda
527 723 603 772 men
627 703 782 791 qnoniam

341 817 494 886 amnibus
520 817 637 886 diebus
662 835 717 903 eqo
719 869 783 888 ......

340 931 424 1000 hona
449 931 578 1000 iacere..
604 931 758 1000 omnibns

342 1048 375 1110 et
399 1043 569 1128 quomodo
592 1061 660 1111 non
684 1041 729 1112 ia-

345 1155 426 1225 ciam
452 1173 642 1224 sennonem
666 1155 754 1226 huna

342 1285 425 1354 quae
451 1276 486 1336 tn
512 1270 648 1338 mannas
671 1265 732 1338 mi·

343 1381 375 1448 ni
399 1388 436 1448 ut
460 1381 576 1450 faciam
600 1380 684 1467 patri
708 1395 784 1452 man

347 1501 379 1562 et
403 1495 563 1562 iratribus
580 1493 663 1562 meis
687 1493 747 1564 sed

345 1624 424 1694 rogo
449 1607 556 1676 indica
581 1606 661 1673 nniti
685 1623 755 1676 ma·

343 1727 394 1788 ter
417 1722 503 1806 quod
527 1719 639 1788 uidisti
663 1719 697 1788 in

341 1850 393 1901 me
417 1849 615 1918 peruarsum
640 1847 677 1900 ut

343 1943 728 2014 awmmwnm

345 2074 446 2142 snper
470 2073 524 2126 ma
549 2055 738 2128 misericor·

341 2170 392 2239 dia
418 2170 542 2240 donini
567 2174 608 2238 Et
631 2169 713 2241 dixit
735 2171 782 2240 illi

342 2284 477 2352 rebecca
502 2293 578 2356 nate
602 2284 707 2354 omni·

341 2397 404 2464 hus
427 2395 512 2464 mais
536 2415 602 2465 nnn
627 2395 696 2465 uidi

343 2509 374 2576 in
399 2517 432 2578 te
457 2528 555 2578 omna
585 2525 671 2597 opus
694 2526 769 2598 pan-

341 2639 475 2691 narsum
499 2623 558 2691 sad
583 2629 710 2691 renum

342 2741 374 2802 et
398 2741 507 2803 tamen
531 2751 666 2804 omnam

340 2847 514 2917 ueritatem
539 2849 664 2916 indica·

341 2962 383 3030 bo
408 2961 466 3030 tibi
490 2971 566 3030 nate
590 2977 653 3047 ago
677 2958 711 3028 in

267 3130 274 3142 .
344 3092 430 3143 anno
454 3076 518 3144 isto
544 3077 669 3144 morior

341 3196 370 3257 et
392 3207 458 3258 non
484 3197 649 3259 transeam

344 3321 466 3372 annum
491 3305 592 3372 istum
617 3297 724 3372 adhuc

342 3417 373 3484 in
399 3417 466 3484 uita
491 3435 562 3486 maa
587 3433 642 3503 eqo
665 3431 739 3485 ino·

341 3527 405 3596 aian
429 3535 463 3596 et
486 3545 554 3597 non
578 3529 690 3598 uiuam

341 3642 482 3727 amplius
507 3693 651 3710 .....

342 3806 485 3822 .....
512 3754 729 3840 quinquagin-

343 3873 374 3934 ta
399 3883 563 3936 annorum
586 3879 662 3934 sum

341 3979 500 4065 conpians
524 3979 557 4046 in
582 3979 650 4048 uita

340 4108 413 4162 maa
437 4101 471 4162 et
494 4094 567 4162 risit
591 4092 684 4162 iacob

342 4203 382 4273 de
406 4207 618 4276 sermonibus
641 4220 711 4276 ma·
813 4221 818 4229 ·

344 4319 702 4406 trisauaequ....

344 4485 350 4498 .
377 4485 384 4500 .
409 4432 438 4500 ri
463 4487 470 4501 .
498 4486 504 4500 .
532 4485 539 4500 .
564 4447 636 4501 ram

326 4551 377 4626 ‚et
400 4545 470 4632 ipsa
495 4546 618 4614 sedebat
639 4543 673 4614 in

344 4665 523 4744 conspectu
547 4658 621 4728 aina
643 4665 677 4728 at

343 4777 413 4838 erat
436 4771 544 4840 uaiida
569 4778 603 4840 at
625 4785 692 4842 non

344 4881 483 4952 inssrnns
509 4883 635 4954 uiribus
658 4885 728 4956 suis

345 5003 416 5064 erat
439 4997 528 5066 anim
552 4994 667 5072 exiens

221 5098 225 5107 '
347 5115 380 5177 at
402 5109 530 5180 intrans
554 5116 589 5179 at
611 5108 693 5184 den-

347 5227 398 5290 tes
420 5223 475 5292 sui
498 5222 603 5292 fortes
626 5227 660 5292 at
683 5223 730 5292 in-

350 5331 488 5404 firmitas
511 5353 578 5405 non
602 5349 684 5404 con-

349 5445 494 5518 tn'stauit
516 5463 591 5516 eam
613 5459 687 5516 nm-

348 5559 446 5629 nibns
469 5559 589 5630 dianus
612 5561 681 5630 suis

326 5675 371 5788 Et
390 5673 538 5745 dixitad
561 5689 634 5746 eam
654 5675 760 5754 incon·

953 188 1133 253 „43-

1099 370 1347 438 nannenus
1371 386 1446 438 sum
1470 367 1497 438 si
1522 367 1645 457 adpro·

1232 481 1442 564 ximanernnt
1465 479 1536 550 dies
1560 482 1628 550 mei

1231 593 1261 660 in
1287 593 1404 662 diebus
1428 593 1517 662 uitae
1542 601 1618 664 tuae
1689 627 1693 632 ·
1802 661 1809 676 ,

1233 1164 1306 1226 outa
1332 1174 1368 1226 as
1392 1177 1512 1226 mecum
1536 1159 1579 1229 da

1231 1277 1340 1338 morte
1365 1277 1420 1338 tua
1445 1279 1478 1342 et
1502 1272 1609 1341 intro-

1232 1382 1292 1450 iuit
1317 1436 1462 1452 .....
1488 1383 1529 1452 ad
1553 1383 1620 1454 isac

1231 1501 1264 1562 et
1288 1494 1369 1562 dixit
1394 1495 1442 1562 iili
1467 1495 1600 1582 petitio·

1234 1625 1310 1677 nem
1335 1625 1432 1676 unam
1463 1618 1542 1694 pato
1567 1627 1585 1678 a
1609 1601 1644 1678 ta'

1235 1726 1272 1788 ut
1296 1720 1429 1788 adiures
1454 1737 1533 1789 esau
1558 1727 1596 1789 ut

1231 1850 1298 1901 non
1323 1831 1457 1918 adfligat
1482 1833 1577 1902 iacob

1233 1945 1368 2014 fratrem
1394 1963 1491 2014 suum
1514 1951 1549 2014 et

1100 2045 1111 2066 ⁰
1233 2076 1300 2128 non
1325 2067 1550 2146 persequatur

1234 2187 1321 2239 eum·
1347 2177 1381 2240 at
1405 2170 1607 2240 non-inimi·

1229 2283 1323 2351 citias
1348 2290 1500 2354 exerceat
1524 2284 1579 2354 ad-

1231 2413 1350 2466 uersus
1375 2415 1462 2466 eum·
1488 2405 1524 2466 tn
1549 2397 1637 2468 enim

1228 2511 1329 2578 noscis
1352 2527 1488 2578 sensum
1513 2527 1593 2579 asan

1229 2623 1305 2709 quia
1328 2623 1491 2708 malignus
1515 2629 1567 2691 est

1213 2736 1646 2828 vanatteritiasuaatntnt

1229 2857 1280 2919 est
1305 2869 1380 2920 aum
1405 2867 1447 2920 eo
1472 2850 1648 2938 quicquam
1765 2951 1770 2964 ι

1230 2972 1369 3033 rectum·
1394 2981 1502 3052 nequa
1526 2972 1560 3032 et

1139 3132 1145 3144 .
1234 3128 1447 3144 .......
1471 3091 1603 3144 ΠΙΠΙθθ
1647 3121 1651 3128 -

1230 3240 1477 3255 ........
1503 3185 1642 3256 tratrem

1231 3318 1329 3369 sunm
1355 3354 1361 3368 .
1389 3356 1396 3369 .
1423 3354 1432 3394 2
1457 3351 1635 3369 .......

1211 3412 1343 3510 'omnia
1367 3427 1595 3499 quaecumque

1229 4663 1383 4742 patentes
1407 4673 1540 4726 eramus
1565 4711 1571 4723 .
1600 4711 1606 4724 .
1634 4711 1668 4723 ..

1232 4783 1273 4836 eo
1296 4767 1338 4836 de
1362 4767 1486 4837 nostris
1512 4817 1655 4836 .....

1232 4881 1326 4968 quasi
1349 4879 1609 4952 misericordiam

1233 4993 1372 5064 faciebat
1395 4975 1570 5064 nohiaanm

1232 5115 1266 5175 et
1285 5106 1526 5178 amaricabatur
1548 5105 1607 5176 tini

1235 5227 1374 5306 propter
1396 5217 1485 5306 qnod
1508 5217 1612 5288 bana-

1234 5331 1365 5402 dixeras
1388 5330 1484 5402 iacob
1506 5329 1611 5401 fliium

1212 5445 1328 5512 'tuum
1352 5443 1536 5531 porrectum
1559 5451 1594 5513 at

1236 5575 1390 5629 natatem
1414 5557 1490 5647 quia
1514 5575 1582 5628 non

1236 5679 1287 5742 ast
1310 5689 1387 5743 enm
1408 5669 1467 5742 iilo
1490 5669 1674 5780 malignitas
