<?xml version="1.0" encoding="UTF-8"?>
<!DOCTYPE html PUBLIC "-//W3C//DTD XHTML 1.0 Transitional//EN"
    "http://www.w3.org/TR/xhtml1/DTD/xhtml1-transitional.dtd">
<html xmlns="http://www.w3.org/1999/xhtml" xml:lang="en" lang="en">
 <head>
  <title>
</title>
<meta http-equiv="Content-Type" content="text/html;charset=utf-8" />
  <meta name='ocr-system' content='tesseract 3.04.00' />
  <meta name='ocr-capabilities' content='ocr_page ocr_carea ocr_par ocr_line ocrx_word'/>
</head>
<body>
  <div class='ocr_page' id='page_1' title='image "./fragmentumactuu00unkngoog/fragmentumactuu00unkngoog_0203.png"; bbox 0 0 4594 6452; ppageno 0'>
   <div class='ocr_carea' id='block_1_1' title="bbox 1181 201 1409 284">
    <p class='ocr_par' dir='ltr' id='par_1_1' title="bbox 1181 201 1409 284">
     <span class='ocr_line' id='line_1_1' title="bbox 1181 201 1409 284; baseline -0.035 0"><span class='ocrx_word' id='word_1_1' title='bbox 1181 201 1409 284; x_wconf 77' lang='lat' dir='ltr'><strong>.—ta-</strong></span> 
     </span>
    </p>
   </div>
   <div class='ocr_carea' id='block_1_2' title="bbox 433 345 1277 2976">
    <p class='ocr_par' dir='ltr' id='par_1_2' title="bbox 433 345 1277 2224">
     <span class='ocr_line' id='line_1_2' title="bbox 447 345 1277 443; baseline 0.007 -19"><span class='ocrx_word' id='word_1_2' title='bbox 447 345 539 424; x_wconf 87' lang='lat' dir='ltr'><strong>dicio</strong></span> <span class='ocrx_word' id='word_1_3' title='bbox 567 349 642 442; x_wconf 84' lang='lat' dir='ltr'><strong>ejus</strong></span> <span class='ocrx_word' id='word_1_4' title='bbox 666 347 788 440; x_wconf 81' lang='lat' dir='ltr'><strong>justet</strong></span> <span class='ocrx_word' id='word_1_5' title='bbox 814 349 1050 424; x_wconf 85' lang='lat' dir='ltr'><strong>Vemntameo</strong></span> <span class='ocrx_word' id='word_1_6' title='bbox 1076 357 1157 443; x_wconf 91' lang='lat' dir='ltr'><strong>pust</strong></span> <span class='ocrx_word' id='word_1_7' title='bbox 1183 350 1277 430; x_wconf 80' lang='lat' dir='ltr'><strong>baec</strong></span> 
     </span>
     <span class='ocr_line' id='line_1_3' title="bbox 446 477 1264 571; baseline 0.002 -19"><span class='ocrx_word' id='word_1_8' title='bbox 446 477 786 570; x_wconf 77' lang='lat' dir='ltr'><strong>comprehendentur</strong></span> <span class='ocrx_word' id='word_1_9' title='bbox 813 479 849 552; x_wconf 85' lang='lat' dir='ltr'><strong>in¹</strong></span> <span class='ocrx_word' id='word_1_10' title='bbox 877 479 1099 554; x_wconf 79' lang='lat' dir='ltr'><strong>tribulatione</strong></span> <span class='ocrx_word' id='word_1_11' title='bbox 1129 481 1179 553; x_wconf 93' lang='lat' dir='ltr'><strong>illi</strong></span> <span class='ocrx_word' id='word_1_12' title='bbox 1202 481 1264 571; x_wconf 84' lang='lat' dir='ltr'><strong>qui</strong></span> 
     </span>
     <span class='ocr_line' id='line_1_4' title="bbox 446 606 1262 700; baseline 0 -20"><span class='ocrx_word' id='word_1_13' title='bbox 446 606 595 700; x_wconf 88' lang='lat' dir='ltr'><strong>dispersi</strong></span> <span class='ocrx_word' id='word_1_14' title='bbox 614 607 754 680; x_wconf 88' lang='lat' dir='ltr'><strong>luerunt</strong></span> <span class='ocrx_word' id='word_1_15' title='bbox 775 609 867 680; x_wconf 90' lang='lat' dir='ltr'><strong>inter</strong></span> <span class='ocrx_word' id='word_1_16' title='bbox 884 613 1018 699; x_wconf 81' lang='lat' dir='ltr'><strong>gentes,</strong></span> <span class='ocrx_word' id='word_1_17' title='bbox 1038 613 1074 680; x_wconf 89' lang='lat' dir='ltr'><strong>et</strong></span> <span class='ocrx_word' id='word_1_18' title='bbox 1099 607 1136 680; x_wconf 96' lang='lat' dir='ltr'><strong>in</strong></span> <span class='ocrx_word' id='word_1_19' title='bbox 1163 607 1262 698; x_wconf 90' lang='lat' dir='ltr'><strong>ignu-</strong></span> 
     </span>
     <span class='ocr_line' id='line_1_5' title="bbox 445 732 1265 830; baseline 0 -24"><span class='ocrx_word' id='word_1_20' title='bbox 445 735 552 830; x_wconf 84' lang='lat' dir='ltr'><strong>minio</strong></span> <span class='ocrx_word' id='word_1_21' title='bbox 588 732 794 830; x_wconf 80' lang='lat' dir='ltr'><strong>habitabunt</strong></span> <span class='ocrx_word' id='word_1_22' title='bbox 824 735 861 807; x_wconf 94' lang='lat' dir='ltr'><strong>in</strong></span> <span class='ocrx_word' id='word_1_23' title='bbox 893 736 1018 826; x_wconf 87' lang='lat' dir='ltr'><strong>quouis</strong></span> <span class='ocrx_word' id='word_1_24' title='bbox 1054 735 1143 808; x_wconf 90' lang='lat' dir='ltr'><strong>loco.</strong></span> <span class='ocrx_word' id='word_1_25' title='bbox 1177 734 1265 820; x_wconf 84' lang='lat' dir='ltr'><strong>Quia</strong></span> 
     </span>
     <span class='ocr_line' id='line_1_6' title="bbox 446 861 1264 952; baseline -0.001 -18"><span class='ocrx_word' id='word_1_26' title='bbox 446 867 613 952; x_wconf 84' lang='lat' dir='ltr'><strong>quantum</strong></span> <span class='ocrx_word' id='word_1_27' title='bbox 641 862 726 936; x_wconf 90' lang='lat' dir='ltr'><strong>Sion</strong></span> <span class='ocrx_word' id='word_1_28' title='bbox 759 861 881 936; x_wconf 88' lang='lat' dir='ltr'><strong>tradita</strong></span> <span class='ocrx_word' id='word_1_29' title='bbox 913 867 983 946; x_wconf 89' lang='grc' dir='ltr'><strong>ιιι,</strong></span> <span class='ocrx_word' id='word_1_30' title='bbox 1012 866 1047 936; x_wconf 88' lang='grc' dir='ltr'><strong>ιι</strong></span> <span class='ocrx_word' id='word_1_31' title='bbox 1072 861 1264 936; x_wconf 81' lang='lat' dir='ltr'><strong>Jerusalem</strong></span> 
     </span>
     <span class='ocr_line' id='line_1_7' title="bbox 445 987 1264 1080; baseline 0.004 -24"><span class='ocrx_word' id='word_1_32' title='bbox 445 993 594 1072; x_wconf 84' lang='lat' dir='ltr'><strong>uastata,</strong></span> <span class='ocrx_word' id='word_1_33' title='bbox 624 994 659 1061; x_wconf 91' lang='lat' dir='ltr'><strong>et</strong></span> <span class='ocrx_word' id='word_1_34' title='bbox 685 988 777 1062; x_wconf 92' lang='lat' dir='ltr'><strong>idola</strong></span> <span class='ocrx_word' id='word_1_35' title='bbox 810 991 847 1062; x_wconf 95' lang='lat' dir='ltr'><strong>in</strong></span> <span class='ocrx_word' id='word_1_36' title='bbox 879 987 1075 1064; x_wconf 86' lang='lat' dir='ltr'><strong>ciuitatibus</strong></span> <span class='ocrx_word' id='word_1_37' title='bbox 1108 989 1264 1080; x_wconf 87' lang='lat' dir='ltr'><strong>gentium</strong></span> 
     </span>
     <span class='ocr_line' id='line_1_8' title="bbox 443 1113 1262 1206; baseline 0 -18"><span class='ocrx_word' id='word_1_38' title='bbox 443 1121 718 1206; x_wconf 87' lang='lat' dir='ltr'><strong>prosperentur,</strong></span> <span class='ocrx_word' id='word_1_39' title='bbox 747 1121 782 1190; x_wconf 91' lang='lat' dir='ltr'><strong>et</strong></span> <span class='ocrx_word' id='word_1_40' title='bbox 808 1133 916 1206; x_wconf 84' lang='lat' dir='ltr'><strong>vapor</strong></span> <span class='ocrx_word' id='word_1_41' title='bbox 943 1115 1029 1188; x_wconf 89' lang='lat' dir='ltr'><strong>inmi</strong></span> <span class='ocrx_word' id='word_1_42' title='bbox 1056 1113 1262 1188; x_wconf 92' lang='lat' dir='ltr'><strong>odoramen·</strong></span> 
     </span>
     <span class='ocr_line' id='line_1_9' title="bbox 444 1240 1264 1333; baseline 0 -19"><span class='ocrx_word' id='word_1_43' title='bbox 444 1247 560 1314; x_wconf 90' lang='lat' dir='ltr'><strong>torum</strong></span> <span class='ocrx_word' id='word_1_44' title='bbox 593 1240 747 1331; x_wconf 86' lang='lat' dir='ltr'><strong>justitiae</strong></span> <span class='ocrx_word' id='word_1_45' title='bbox 775 1259 820 1314; x_wconf 86' lang='lat' dir='ltr'><strong>ex</strong></span> <span class='ocrx_word' id='word_1_46' title='bbox 850 1243 927 1333; x_wconf 89' lang='lat' dir='ltr'><strong>lego</strong></span> <span class='ocrx_word' id='word_1_47' title='bbox 955 1243 1127 1316; x_wconf 84' lang='lat' dir='ltr'><strong>extinctus</strong></span> <span class='ocrx_word' id='word_1_48' title='bbox 1155 1249 1209 1316; x_wconf 93' lang='lat' dir='ltr'><strong>est</strong></span> <span class='ocrx_word' id='word_1_49' title='bbox 1244 1259 1264 1314; x_wconf 89' lang='lat' dir='ltr'><strong>a</strong></span> 
     </span>
     <span class='ocr_line' id='line_1_10' title="bbox 446 1367 1263 1460; baseline 0.004 -21"><span class='ocrx_word' id='word_1_50' title='bbox 446 1367 551 1451; x_wconf 86' lang='lat' dir='ltr'><strong>Sion,</strong></span> <span class='ocrx_word' id='word_1_51' title='bbox 581 1375 616 1440; x_wconf 92' lang='lat' dir='ltr'><strong>et</strong></span> <span class='ocrx_word' id='word_1_52' title='bbox 646 1369 682 1440; x_wconf 97' lang='lat' dir='ltr'><strong>in</strong></span> <span class='ocrx_word' id='word_1_53' title='bbox 714 1369 857 1460; x_wconf 80' lang='lat' dir='ltr'><strong>regione</strong></span> <span class='ocrx_word' id='word_1_54' title='bbox 884 1370 968 1458; x_wconf 84' lang='lat' dir='ltr'><strong>Sion</strong></span> <span class='ocrx_word' id='word_1_55' title='bbox 996 1369 1033 1442; x_wconf 92' lang='lat' dir='ltr'><strong>in</strong></span> <span class='ocrx_word' id='word_1_56' title='bbox 1064 1370 1158 1442; x_wconf 90' lang='lat' dir='ltr'><strong>omui</strong></span> <span class='ocrx_word' id='word_1_57' title='bbox 1185 1371 1263 1444; x_wconf 93' lang='lat' dir='ltr'><strong>loco</strong></span> 
     </span>
     <span class='ocr_line' id='line_1_11' title="bbox 445 1493 1265 1586; baseline 0 -18"><span class='ocrx_word' id='word_1_58' title='bbox 445 1513 528 1568; x_wconf 88' lang='lat' dir='ltr'><strong>ecce</strong></span> <span class='ocrx_word' id='word_1_59' title='bbox 564 1493 680 1568; x_wconf 88' lang='lat' dir='ltr'><strong>lomus</strong></span> <span class='ocrx_word' id='word_1_60' title='bbox 716 1495 902 1586; x_wconf 89' lang='lat' dir='ltr'><strong>impietatis</strong></span> <span class='ocrx_word' id='word_1_61' title='bbox 938 1501 993 1570; x_wconf 91' lang='grc' dir='ltr'><strong>ιιι</strong></span> <span class='ocrx_word' id='word_1_62' title='bbox 1017 1497 1055 1568; x_wconf 93' lang='lat' dir='ltr'><strong>in</strong></span> <span class='ocrx_word' id='word_1_63' title='bbox 1082 1497 1163 1569; x_wconf 80' lang='lat' dir='ltr'><strong>eu‘.</strong></span> <span class='ocrx_word' id='word_1_64' title='bbox 1194 1494 1265 1570; x_wconf 90' lang='lat' dir='ltr'><strong>Sed</strong></span> 
     </span>
     <span class='ocr_line' id='line_1_12' title="bbox 445 1622 1264 1716; baseline -0.002 -18"><span class='ocrx_word' id='word_1_65' title='bbox 445 1629 566 1714; x_wconf 81' lang='lat' dir='ltr'><strong>surget</strong></span> <span class='ocrx_word' id='word_1_66' title='bbox 592 1641 654 1696; x_wconf 85' lang='lat' dir='ltr'><strong>rex</strong></span> <span class='ocrx_word' id='word_1_67' title='bbox 681 1623 868 1714; x_wconf 83' lang='lat' dir='ltr'><strong>Babylonis</strong></span> <span class='ocrx_word' id='word_1_68' title='bbox 892 1623 951 1716; x_wconf 85' lang='lat' dir='ltr'><strong>qui</strong></span> <span class='ocrx_word' id='word_1_69' title='bbox 972 1622 1143 1696; x_wconf 86' lang='lat' dir='ltr'><strong>destruxit</strong></span> <span class='ocrx_word' id='word_1_70' title='bbox 1169 1641 1264 1696; x_wconf 93' lang='lat' dir='ltr'><strong>nuuc</strong></span> 
     </span>
     <span class='ocr_line' id='line_1_13' title="bbox 446 1752 1262 1844; baseline 0.002 -20"><span class='ocrx_word' id='word_1_71' title='bbox 446 1753 542 1834; x_wconf 89' lang='lat' dir='ltr'><strong>Sion,</strong></span> <span class='ocrx_word' id='word_1_72' title='bbox 572 1759 607 1825; x_wconf 92' lang='lat' dir='ltr'><strong>et</strong></span> <span class='ocrx_word' id='word_1_73' title='bbox 633 1753 834 1844; x_wconf 80' lang='lat' dir='ltr'><strong>gloriabitur</strong></span> <span class='ocrx_word' id='word_1_74' title='bbox 852 1771 959 1844; x_wconf 90' lang='lat' dir='ltr'><strong>super</strong></span> <span class='ocrx_word' id='word_1_75' title='bbox 980 1753 1123 1844; x_wconf 90' lang='lat' dir='ltr'><strong>populo,</strong></span> <span class='ocrx_word' id='word_1_76' title='bbox 1144 1758 1179 1826; x_wconf 89' lang='grc' dir='ltr'><strong>ιι</strong></span> <span class='ocrx_word' id='word_1_77' title='bbox 1206 1752 1262 1826; x_wconf 88' lang='grc' dir='ltr'><strong>ιο·</strong></span> 
     </span>
     <span class='ocr_line' id='line_1_14' title="bbox 445 1861 1264 1970; baseline 0.002 -20"><span class='ocrx_word' id='word_1_78' title='bbox 445 1885 572 1970; x_wconf 88' lang='lat' dir='ltr'><strong>quetur</strong></span> <span class='ocrx_word' id='word_1_79' title='bbox 594 1897 716 1970; x_wconf 90' lang='lat' dir='ltr'><strong>magna</strong></span> <span class='ocrx_word' id='word_1_80' title='bbox 746 1880 782 1952; x_wconf 95' lang='lat' dir='ltr'><strong>in</strong></span> <span class='ocrx_word' id='word_1_81' title='bbox 811 1879 915 1952; x_wconf 90' lang='lat' dir='ltr'><strong>corde</strong></span> <span class='ocrx_word' id='word_1_82' title='bbox 942 1898 1009 1954; x_wconf 91' lang='lat' dir='ltr'><strong>suo</strong></span> <span class='ocrx_word' id='word_1_83' title='bbox 1027 1861 1143 1954; x_wconf 86' lang='lat' dir='ltr'><strong>eoram</strong></span> <span class='ocrx_word' id='word_1_84' title='bbox 1162 1877 1264 1952; x_wconf 76' lang='lat' dir='ltr'><strong>Altis·</strong></span> 
     </span>
     <span class='ocr_line' id='line_1_15' title="bbox 445 2005 1264 2098; baseline 0 -20"><span class='ocrx_word' id='word_1_85' title='bbox 445 2005 545 2078; x_wconf 92' lang='lat' dir='ltr'><strong>simo.</strong></span> <span class='ocrx_word' id='word_1_86' title='bbox 567 2006 677 2078; x_wconf 90' lang='lat' dir='ltr'><strong>Etiam</strong></span> <span class='ocrx_word' id='word_1_87' title='bbox 696 2007 771 2098; x_wconf 90' lang='lat' dir='ltr'><strong>ipse</strong></span> <span class='ocrx_word' id='word_1_88' title='bbox 791 2011 906 2088; x_wconf 87' lang='lat' dir='ltr'><strong>aulem</strong></span> <span class='ocrx_word' id='word_1_89' title='bbox 933 2007 970 2078; x_wconf 92' lang='lat' dir='ltr'><strong>in</strong></span> <span class='ocrx_word' id='word_1_90' title='bbox 996 2007 1191 2082; x_wconf 86' lang='lat' dir='ltr'><strong>nouissimo</strong></span> <span class='ocrx_word' id='word_1_91' title='bbox 1210 2025 1264 2079; x_wconf 91' lang='lat' dir='ltr'><strong>ca·</strong></span> 
     </span>
     <span class='ocr_line' id='line_1_16' title="bbox 433 2133 987 2224; baseline 0 -18"><span class='ocrx_word' id='word_1_92' title='bbox 433 2133 515 2207; x_wconf 89' lang='lat' dir='ltr'><strong>det.</strong></span> <span class='ocrx_word' id='word_1_93' title='bbox 535 2134 607 2208; x_wconf 83' lang='lat' dir='ltr'><strong>liae</strong></span> <span class='ocrx_word' id='word_1_94' title='bbox 626 2139 710 2206; x_wconf 91' lang='lat' dir='ltr'><strong>sont</strong></span> <span class='ocrx_word' id='word_1_95' title='bbox 728 2151 838 2224; x_wconf 87' lang='lat' dir='ltr'><strong>aquae</strong></span> <span class='ocrx_word' id='word_1_96' title='bbox 856 2133 987 2224; x_wconf 87' lang='lat' dir='ltr'><strong>nigrae.</strong></span> 
     </span>
    </p>

    <p class='ocr_par' dir='ltr' id='par_1_3' title="bbox 443 2260 1269 2976">
     <span class='ocr_line' id='line_1_17' title="bbox 499 2260 1262 2354; baseline 0.005 -22"><span class='ocrx_word' id='word_1_97' title='bbox 499 2260 562 2334; x_wconf 88' lang='grc'><strong>68.</strong></span> <span class='ocrx_word' id='word_1_98' title='bbox 582 2262 625 2334; x_wconf 85' lang='lat' dir='ltr'><strong>Et</strong></span> <span class='ocrx_word' id='word_1_99' title='bbox 643 2279 752 2352; x_wconf 86' lang='lat' dir='ltr'><strong>aquae</strong></span> <span class='ocrx_word' id='word_1_100' title='bbox 771 2261 998 2335; x_wconf 83' lang='lat' dir='ltr'><strong>duodecimae</strong></span> <span class='ocrx_word' id='word_1_101' title='bbox 1019 2261 1155 2336; x_wconf 88' lang='lat' dir='ltr'><strong>lucidae</strong></span> <span class='ocrx_word' id='word_1_102' title='bbox 1174 2279 1262 2354; x_wconf 84' lang='lat' dir='ltr'><strong>quas</strong></span> 
     </span>
     <span class='ocr_line' id='line_1_18' title="bbox 444 2388 1264 2472; baseline 0.004 -13"><span class='ocrx_word' id='word_1_103' title='bbox 444 2388 573 2472; x_wconf 85' lang='lat' dir='ltr'><strong>uidisti,</strong></span> <span class='ocrx_word' id='word_1_104' title='bbox 594 2389 661 2462; x_wconf 91' lang='lat' dir='ltr'><strong>hoc</strong></span> <span class='ocrx_word' id='word_1_105' title='bbox 681 2394 734 2460; x_wconf 91' lang='grc' dir='ltr'><strong>ιιι</strong></span> <span class='ocrx_word' id='word_1_106' title='bbox 751 2388 909 2460; x_wconf 81' lang='lat' dir='ltr'><strong>verbum.</strong></span> <span class='ocrx_word' id='word_1_107' title='bbox 925 2388 1049 2462; x_wconf 88' lang='lat' dir='ltr'><strong>Veniet</strong></span> <span class='ocrx_word' id='word_1_108' title='bbox 1067 2388 1160 2462; x_wconf 90' lang='lat' dir='ltr'><strong>onim</strong></span> <span class='ocrx_word' id='word_1_109' title='bbox 1179 2396 1264 2462; x_wconf 89' lang='lat' dir='ltr'><strong>tem·</strong></span> 
     </span>
     <span class='ocr_line' id='line_1_19' title="bbox 445 2515 1269 2608; baseline -0.002 -18"><span class='ocrx_word' id='word_1_110' title='bbox 445 2535 512 2608; x_wconf 90' lang='lat' dir='ltr'><strong>pus</strong></span> <span class='ocrx_word' id='word_1_111' title='bbox 531 2517 726 2607; x_wconf 85' lang='lat' dir='ltr'><strong>posthaec,</strong></span> <span class='ocrx_word' id='word_1_112' title='bbox 747 2522 782 2588; x_wconf 93' lang='lat' dir='ltr'><strong>et</strong></span> <span class='ocrx_word' id='word_1_113' title='bbox 800 2515 938 2590; x_wconf 87' lang='lat' dir='ltr'><strong>decidet</strong></span> <span class='ocrx_word' id='word_1_114' title='bbox 955 2517 1107 2608; x_wconf 90' lang='lat' dir='ltr'><strong>populus</strong></span> <span class='ocrx_word' id='word_1_115' title='bbox 1125 2521 1206 2590; x_wconf 94' lang='lat' dir='ltr'><strong>tuus</strong></span> <span class='ocrx_word' id='word_1_116' title='bbox 1225 2517 1269 2588; x_wconf 85' lang='lat' dir='ltr'><strong>iu¹</strong></span> 
     </span>
     <span class='ocr_line' id='line_1_20' title="bbox 444 2645 1263 2752; baseline -0.005 -32"><span class='ocrx_word' id='word_1_117' title='bbox 444 2645 692 2727; x_wconf 83' lang='lat' dir='ltr'><strong>calamitatem,</strong></span> <span class='ocrx_word' id='word_1_118' title='bbox 720 2651 759 2718; x_wconf 92' lang='lat' dir='ltr'><strong>ut</strong></span> <span class='ocrx_word' id='word_1_119' title='bbox 784 2645 1021 2752; x_wconf 77' lang='lat' dir='ltr'><strong>periclitentur</strong></span> <span class='ocrx_word' id='word_1_120' title='bbox 1047 2650 1085 2718; x_wconf 92' lang='lat' dir='ltr'><strong>ut</strong></span> <span class='ocrx_word' id='word_1_121' title='bbox 1120 2650 1263 2734; x_wconf 90' lang='lat' dir='ltr'><strong>pereant</strong></span> 
     </span>
     <span class='ocr_line' id='line_1_21' title="bbox 444 2771 1261 2853; baseline -0.005 -7"><span class='ocrx_word' id='word_1_122' title='bbox 444 2790 568 2846; x_wconf 90' lang='lat' dir='ltr'><strong>omues</strong></span> <span class='ocrx_word' id='word_1_123' title='bbox 605 2772 720 2846; x_wconf 91' lang='lat' dir='ltr'><strong>simol.</strong></span> <span class='ocrx_word' id='word_1_124' title='bbox 749 2773 984 2846; x_wconf 90' lang='lat' dir='ltr'><strong>Veruntamen</strong></span> <span class='ocrx_word' id='word_1_125' title='bbox 1011 2771 1261 2853; x_wconf 80' lang='lat' dir='ltr'><strong>salvabuntur,</strong></span> 
     </span>
     <span class='ocr_line' id='line_1_22' title="bbox 443 2897 1262 2976; baseline -0.002 -2"><span class='ocrx_word' id='word_1_126' title='bbox 443 2907 493 2976; x_wconf 84' lang='grc' dir='ltr'><strong>ιι.</strong></span> <span class='ocrx_word' id='word_1_127' title='bbox 509 2900 641 2972; x_wconf 88' lang='lat' dir='ltr'><strong>inimici</strong></span> <span class='ocrx_word' id='word_1_128' title='bbox 668 2917 789 2972; x_wconf 90' lang='lat' dir='ltr'><strong>eorum</strong></span> <span class='ocrx_word' id='word_1_129' title='bbox 826 2917 943 2972; x_wconf 89' lang='lat' dir='ltr'><strong>coram</strong></span> <span class='ocrx_word' id='word_1_130' title='bbox 975 2898 1027 2972; x_wconf 91' lang='lat' dir='ltr'><strong>eis</strong></span> <span class='ocrx_word' id='word_1_131' title='bbox 1055 2897 1189 2972; x_wconf 89' lang='lat' dir='ltr'><strong>cadent.</strong></span> <span class='ocrx_word' id='word_1_132' title='bbox 1219 2897 1262 2972; x_wconf 83' lang='lat' dir='ltr'><strong>lit</strong></span> 
     </span>
    </p>
   </div>
   <div class='ocr_carea' id='block_1_3' title="bbox 443 3015 1302 3118">
    <p class='ocr_par' dir='ltr' id='par_1_4' title="bbox 443 3015 1302 3118">
     <span class='ocr_line' id='line_1_23' title="bbox 443 3015 1302 3118; baseline -0.006 -15"><span class='ocrx_word' id='word_1_133' title='bbox 443 3029 509 3104; x_wconf 87' lang='lat' dir='ltr'><strong>erit</strong></span> <span class='ocrx_word' id='word_1_134' title='bbox 544 3029 594 3103; x_wconf 90' lang='grc' dir='ltr'><strong>ιιι</strong></span> <span class='ocrx_word' id='word_1_135' title='bbox 621 3028 807 3118; x_wconf 82' lang='lat' dir='ltr'><strong>aliquando</strong></span> <span class='ocrx_word' id='word_1_136' title='bbox 833 3027 960 3100; x_wconf 86' lang='lat' dir='ltr'><strong>laetitia</strong></span> <span class='ocrx_word' id='word_1_137' title='bbox 996 3027 1114 3098; x_wconf 85' lang='lat' dir='ltr'><strong>multa.</strong></span> <span class='ocrx_word' id='word_1_138' title='bbox 1152 3025 1194 3099; x_wconf 83' lang='lat' dir='ltr'><strong>Et</strong></span> <span class='ocrx_word' id='word_1_139' title='bbox 1224 3026 1261 3099; x_wconf 93' lang='lat' dir='ltr'><strong>in</strong></span> <span class='ocrx_word' id='word_1_140' title='bbox 1297 3015 1302 3022; x_wconf 84' lang='grc'><strong>’</strong></span> 
     </span>
    </p>
   </div>
   <div class='ocr_carea' id='block_1_4' title="bbox 439 3153 1261 5794">
    <p class='ocr_par' dir='ltr' id='par_1_5' title="bbox 440 3153 1261 4138">
     <span class='ocr_line' id='line_1_24' title="bbox 443 3153 1261 3246; baseline -0.004 -17"><span class='ocrx_word' id='word_1_141' title='bbox 443 3157 502 3230; x_wconf 91' lang='lat' dir='ltr'><strong>illo</strong></span> <span class='ocrx_word' id='word_1_142' title='bbox 522 3159 678 3246; x_wconf 88' lang='lat' dir='ltr'><strong>tempore</strong></span> <span class='ocrx_word' id='word_1_143' title='bbox 705 3161 785 3246; x_wconf 90' lang='lat' dir='ltr'><strong>post</strong></span> <span class='ocrx_word' id='word_1_144' title='bbox 811 3154 987 3228; x_wconf 90' lang='lat' dir='ltr'><strong>modicum</strong></span> <span class='ocrx_word' id='word_1_145' title='bbox 1015 3155 1141 3228; x_wconf 92' lang='lat' dir='ltr'><strong>iterum</strong></span> <span class='ocrx_word' id='word_1_146' title='bbox 1169 3153 1261 3228; x_wconf 91' lang='lat' dir='ltr'><strong>aedi·</strong></span> 
     </span>
     <span class='ocr_line' id='line_1_25' title="bbox 442 3281 1259 3366; baseline -0.005 -10"><span class='ocrx_word' id='word_1_147' title='bbox 442 3283 601 3358; x_wconf 86' lang='lat' dir='ltr'><strong>licabltur</strong></span> <span class='ocrx_word' id='word_1_148' title='bbox 637 3283 742 3366; x_wconf 89' lang='lat' dir='ltr'><strong>Sion,</strong></span> <span class='ocrx_word' id='word_1_149' title='bbox 781 3289 816 3356; x_wconf 91' lang='grc' dir='ltr'><strong>ιι</strong></span> <span class='ocrx_word' id='word_1_150' title='bbox 841 3282 1097 3366; x_wconf 87' lang='lat' dir='ltr'><strong>constituentur</strong></span> <span class='ocrx_word' id='word_1_151' title='bbox 1132 3281 1259 3354; x_wconf 89' lang='lat' dir='ltr'><strong>lterum</strong></span> 
     </span>
     <span class='ocr_line' id='line_1_26' title="bbox 443 3397 1260 3502; baseline -0.007 -18"><span class='ocrx_word' id='word_1_152' title='bbox 443 3411 635 3485; x_wconf 90' lang='lat' dir='ltr'><strong>oblationes</strong></span> <span class='ocrx_word' id='word_1_153' title='bbox 654 3410 741 3502; x_wconf 84' lang='lat' dir='ltr'><strong>ejus,</strong></span> <span class='ocrx_word' id='word_1_154' title='bbox 762 3416 797 3484; x_wconf 85' lang='lat' dir='ltr'><strong>et</strong></span> <span class='ocrx_word' id='word_1_155' title='bbox 824 3397 1260 3484; x_wconf 83' lang='lat' dir='ltr'><strong>saeeroous’reverreotur</strong></span> 
     </span>
     <span class='ocr_line' id='line_1_27' title="bbox 442 3534 1261 3620; baseline -0.005 -10"><span class='ocrx_word' id='word_1_156' title='bbox 442 3537 487 3610; x_wconf 89' lang='lat' dir='ltr'><strong>ad</strong></span> <span class='ocrx_word' id='word_1_157' title='bbox 513 3538 744 3612; x_wconf 91' lang='lat' dir='ltr'><strong>ministerium</strong></span> <span class='ocrx_word' id='word_1_158' title='bbox 771 3555 886 3620; x_wconf 87' lang='lat' dir='ltr'><strong>suum,</strong></span> <span class='ocrx_word' id='word_1_159' title='bbox 916 3540 951 3608; x_wconf 91' lang='grc' dir='ltr'><strong>ιι</strong></span> <span class='ocrx_word' id='word_1_160' title='bbox 976 3535 1101 3608; x_wconf 89' lang='lat' dir='ltr'><strong>lterum</strong></span> <span class='ocrx_word' id='word_1_161' title='bbox 1120 3534 1261 3608; x_wconf 85' lang='lat' dir='ltr'><strong>uenient</strong></span> 
     </span>
     <span class='ocr_line' id='line_1_28' title="bbox 442 3661 1260 3760; baseline -0.011 -20"><span class='ocrx_word' id='word_1_162' title='bbox 442 3671 564 3758; x_wconf 86' lang='lat' dir='ltr'><strong>gentes</strong></span> <span class='ocrx_word' id='word_1_163' title='bbox 601 3672 639 3738; x_wconf 90' lang='lat' dir='ltr'><strong>ut</strong></span> <span class='ocrx_word' id='word_1_164' title='bbox 673 3663 867 3756; x_wconf 81' lang='lat' dir='ltr'><strong>glorificent</strong></span> <span class='ocrx_word' id='word_1_165' title='bbox 883 3745 888 3760; x_wconf 51' lang='grc'>,</span> <span class='ocrx_word' id='word_1_166' title='bbox 902 3679 989 3736; x_wconf 90' lang='lat' dir='ltr'><strong>eam.</strong></span> <span class='ocrx_word' id='word_1_167' title='bbox 1023 3661 1260 3734; x_wconf 85' lang='lat' dir='ltr'><strong>Veruntamen</strong></span> 
     </span>
     <span class='ocr_line' id='line_1_29' title="bbox 440 3787 1260 3884; baseline -0.009 -19"><span class='ocrx_word' id='word_1_168' title='bbox 440 3811 517 3866; x_wconf 88' lang='lat' dir='ltr'><strong>non</strong></span> <span class='ocrx_word' id='word_1_169' title='bbox 544 3793 647 3884; x_wconf 90' lang='lat' dir='ltr'><strong>plene</strong></span> <span class='ocrx_word' id='word_1_170' title='bbox 675 3791 766 3864; x_wconf 88' lang='lat' dir='ltr'><strong>sicut</strong></span> <span class='ocrx_word' id='word_1_171' title='bbox 791 3790 830 3864; x_wconf 88' lang='lat' dir='ltr'><strong>io</strong></span> <span class='ocrx_word' id='word_1_172' title='bbox 856 3789 968 3862; x_wconf 87' lang='lat' dir='ltr'><strong>initio.</strong></span> <span class='ocrx_word' id='word_1_173' title='bbox 996 3787 1067 3863; x_wconf 90' lang='lat' dir='ltr'><strong>Sed</strong></span> <span class='ocrx_word' id='word_1_174' title='bbox 1088 3787 1153 3860; x_wconf 91' lang='lat' dir='ltr'><strong>erit</strong></span> <span class='ocrx_word' id='word_1_175' title='bbox 1178 3792 1260 3878; x_wconf 89' lang='lat' dir='ltr'><strong>pest</strong></span> 
     </span>
     <span class='ocr_line' id='line_1_30' title="bbox 440 3914 1259 4009; baseline -0.005 -17"><span class='ocrx_word' id='word_1_176' title='bbox 440 3917 537 4002; x_wconf 88' lang='lat' dir='ltr'><strong>boec,</strong></span> <span class='ocrx_word' id='word_1_177' title='bbox 567 3920 633 3992; x_wconf 89' lang='lat' dir='ltr'><strong>erit</strong></span> <span class='ocrx_word' id='word_1_178' title='bbox 658 3919 757 3991; x_wconf 88' lang='lat' dir='ltr'><strong>ruina</strong></span> <span class='ocrx_word' id='word_1_179' title='bbox 784 3917 938 4009; x_wconf 90' lang='lat' dir='ltr'><strong>gentium</strong></span> <span class='ocrx_word' id='word_1_180' title='bbox 966 3916 1163 3990; x_wconf 88' lang='lat' dir='ltr'><strong>multarum.</strong></span> <span class='ocrx_word' id='word_1_181' title='bbox 1187 3914 1259 3988; x_wconf 88' lang='lat' dir='ltr'><strong>liae</strong></span> 
     </span>
     <span class='ocr_line' id='line_1_31' title="bbox 441 4041 1062 4138; baseline -0.01 -18"><span class='ocrx_word' id='word_1_182' title='bbox 441 4050 524 4120; x_wconf 88' lang='lat' dir='ltr'><strong>snut</strong></span> <span class='ocrx_word' id='word_1_183' title='bbox 546 4063 656 4138; x_wconf 86' lang='lat' dir='ltr'><strong>aquae</strong></span> <span class='ocrx_word' id='word_1_184' title='bbox 673 4044 809 4118; x_wconf 87' lang='lat' dir='ltr'><strong>lucidae</strong></span> <span class='ocrx_word' id='word_1_185' title='bbox 828 4061 915 4134; x_wconf 85' lang='lat' dir='ltr'><strong>quas</strong></span> <span class='ocrx_word' id='word_1_186' title='bbox 934 4041 1062 4116; x_wconf 86' lang='lat' dir='ltr'><strong>uidisti.</strong></span> 
     </span>
    </p>

    <p class='ocr_par' dir='ltr' id='par_1_6' title="bbox 439 4167 1258 5794">
     <span class='ocr_line' id='line_1_32' title="bbox 495 4167 1256 4262; baseline -0.007 -18"><span class='ocrx_word' id='word_1_187' title='bbox 495 4172 557 4244; x_wconf 83' lang='lat'><strong>69.</strong></span> <span class='ocrx_word' id='word_1_188' title='bbox 586 4171 706 4262; x_wconf 78' lang='lat' dir='ltr'><strong>Aquae</strong></span> <span class='ocrx_word' id='word_1_189' title='bbox 734 4171 827 4244; x_wconf 90' lang='lat' dir='ltr'><strong>enim</strong></span> <span class='ocrx_word' id='word_1_190' title='bbox 855 4169 973 4242; x_wconf 77' lang='lat' dir='ltr'><strong>aliae·</strong></span> <span class='ocrx_word' id='word_1_191' title='bbox 1000 4187 1087 4260; x_wconf 82' lang='lat' dir='ltr'><strong>quas</strong></span> <span class='ocrx_word' id='word_1_192' title='bbox 1114 4167 1256 4250; x_wconf 86' lang='lat' dir='ltr'><strong>vidisti,</strong></span> 
     </span>
     <span class='ocr_line' id='line_1_33' title="bbox 441 4295 1258 4392; baseline -0.005 -22"><span class='ocrx_word' id='word_1_193' title='bbox 441 4319 530 4392; x_wconf 86' lang='lat' dir='ltr'><strong>quae</strong></span> <span class='ocrx_word' id='word_1_194' title='bbox 566 4301 686 4390; x_wconf 89' lang='lat' dir='ltr'><strong>nigrae</strong></span> <span class='ocrx_word' id='word_1_195' title='bbox 723 4303 821 4372; x_wconf 89' lang='lat' dir='ltr'><strong>erant</strong></span> <span class='ocrx_word' id='word_1_196' title='bbox 856 4315 940 4388; x_wconf 90' lang='lat' dir='ltr'><strong>prae</strong></span> <span class='ocrx_word' id='word_1_197' title='bbox 977 4295 1140 4370; x_wconf 90' lang='lat' dir='ltr'><strong>omnibus</strong></span> <span class='ocrx_word' id='word_1_198' title='bbox 1168 4313 1258 4386; x_wconf 83' lang='lat' dir='ltr'><strong>quae</strong></span> 
     </span>
     <span class='ocr_line' id='line_1_34' title="bbox 441 4404 1258 4518; baseline -0.002 -20"><span class='ocrx_word' id='word_1_199' title='bbox 441 4404 520 4498; x_wconf 77' lang='lat' dir='ltr'><strong>ante</strong></span> <span class='ocrx_word' id='word_1_200' title='bbox 548 4443 618 4510; x_wconf 87' lang='lat' dir='ltr'><strong>eas,</strong></span> <span class='ocrx_word' id='word_1_201' title='bbox 645 4425 726 4518; x_wconf 81' lang='lat' dir='ltr'><strong>illae</strong></span> <span class='ocrx_word' id='word_1_202' title='bbox 753 4443 842 4516; x_wconf 84' lang='lat' dir='ltr'><strong>quae</strong></span> <span class='ocrx_word' id='word_1_203' title='bbox 863 4423 1003 4506; x_wconf 89' lang='lat' dir='ltr'><strong>luerunt</strong></span> <span class='ocrx_word' id='word_1_204' title='bbox 1029 4413 1258 4515; x_wconf 87' lang='lat' dir='ltr'><strong>post-nume·</strong></span> 
     </span>
     <span class='ocr_line' id='line_1_35' title="bbox 442 4551 1257 4642; baseline -0.004 -17"><span class='ocrx_word' id='word_1_205' title='bbox 442 4570 518 4625; x_wconf 91' lang='lat' dir='ltr'><strong>rum</strong></span> <span class='ocrx_word' id='word_1_206' title='bbox 547 4551 813 4634; x_wconf 88' lang='lat' dir='ltr'><strong>duodecimum,</strong></span> <span class='ocrx_word' id='word_1_207' title='bbox 844 4569 933 4642; x_wconf 82' lang='lat' dir='ltr'><strong>quae</strong></span> <span class='ocrx_word' id='word_1_208' title='bbox 961 4551 1123 4625; x_wconf 84' lang='lat' dir='ltr'><strong>collectae</strong></span> <span class='ocrx_word' id='word_1_209' title='bbox 1159 4555 1257 4624; x_wconf 87' lang='lat' dir='ltr'><strong>erant</strong></span> 
     </span>
     <span class='ocr_line' id='line_1_36' title="bbox 440 4677 1257 4762; baseline -0.006 -10"><span class='ocrx_word' id='word_1_210' title='bbox 440 4680 568 4762; x_wconf 80' lang='lat' dir='ltr'><strong>simol,</strong></span> <span class='ocrx_word' id='word_1_211' title='bbox 594 4680 699 4752; x_wconf 88' lang='lat' dir='ltr'><strong>totius</strong></span> <span class='ocrx_word' id='word_1_212' title='bbox 736 4684 819 4752; x_wconf 92' lang='lat' dir='ltr'><strong>sunt</strong></span> <span class='ocrx_word' id='word_1_213' title='bbox 840 4677 976 4751; x_wconf 94' lang='lat' dir='ltr'><strong>mundi.</strong></span> <span class='ocrx_word' id='word_1_214' title='bbox 1013 4677 1136 4752; x_wconf 86' lang='lat' dir='ltr'><strong>Divisit</strong></span> <span class='ocrx_word' id='word_1_215' title='bbox 1163 4677 1257 4750; x_wconf 90' lang='lat' dir='ltr'><strong>enim</strong></span> 
     </span>
     <span class='ocr_line' id='line_1_37' title="bbox 439 4803 1258 4900; baseline -0.009 -18"><span class='ocrx_word' id='word_1_216' title='bbox 439 4809 638 4882; x_wconf 79' lang='lat' dir='ltr'><strong>ditissimus</strong></span> <span class='ocrx_word' id='word_1_217' title='bbox 657 4807 700 4880; x_wconf 89' lang='lat' dir='ltr'><strong>ab</strong></span> <span class='ocrx_word' id='word_1_218' title='bbox 727 4805 838 4890; x_wconf 89' lang='lat' dir='ltr'><strong>initio,</strong></span> <span class='ocrx_word' id='word_1_219' title='bbox 862 4807 944 4900; x_wconf 86' lang='lat' dir='ltr'><strong>quia</strong></span> <span class='ocrx_word' id='word_1_220' title='bbox 970 4805 1047 4896; x_wconf 89' lang='lat' dir='ltr'><strong>ipse</strong></span> <span class='ocrx_word' id='word_1_221' title='bbox 1065 4805 1163 4878; x_wconf 89' lang='lat' dir='ltr'><strong>solus</strong></span> <span class='ocrx_word' id='word_1_222' title='bbox 1191 4803 1258 4878; x_wconf 90' lang='lat' dir='ltr'><strong>scit</strong></span> 
     </span>
     <span class='ocr_line' id='line_1_38' title="bbox 439 4931 1257 5028; baseline -0.009 -19"><span class='ocrx_word' id='word_1_223' title='bbox 439 4935 535 5028; x_wconf 86' lang='lat' dir='ltr'><strong>quod</strong></span> <span class='ocrx_word' id='word_1_224' title='bbox 561 4935 714 5008; x_wconf 86' lang='lat' dir='ltr'><strong>tutumm</strong></span> <span class='ocrx_word' id='word_1_225' title='bbox 742 4940 861 5010; x_wconf 90' lang='lat' dir='ltr'><strong>estut</strong></span> <span class='ocrx_word' id='word_1_226' title='bbox 896 4933 1082 5022; x_wconf 89' lang='lat' dir='ltr'><strong>contingat.</strong></span> <span class='ocrx_word' id='word_1_227' title='bbox 1115 4931 1257 5021; x_wconf 80' lang='lat' dir='ltr'><strong>Flagitia</strong></span> 
     </span>
     <span class='ocr_line' id='line_1_39' title="bbox 439 5061 1257 5162; baseline -0.007 -24"><span class='ocrx_word' id='word_1_228' title='bbox 439 5064 534 5144; x_wconf 85' lang='lat' dir='ltr'><strong>enim</strong></span> <span class='ocrx_word' id='word_1_229' title='bbox 561 5064 776 5158; x_wconf 85' lang='lat' dir='ltr'><strong>impietatum</strong></span> <span class='ocrx_word' id='word_1_230' title='bbox 804 5079 894 5154; x_wconf 82' lang='lat' dir='ltr'><strong>quae</strong></span> <span class='ocrx_word' id='word_1_231' title='bbox 929 5061 1082 5134; x_wconf 88' lang='lat' dir='ltr'><strong>loturum</strong></span> <span class='ocrx_word' id='word_1_232' title='bbox 1110 5065 1183 5162; x_wconf 81' lang='lat' dir='ltr'><strong>erat</strong></span> <span class='ocrx_word' id='word_1_233' title='bbox 1218 5064 1257 5132; x_wconf 87' lang='lat' dir='ltr'><strong>ut</strong></span> 
     </span>
     <span class='ocr_line' id='line_1_40' title="bbox 439 5185 1256 5282; baseline -0.006 -17"><span class='ocrx_word' id='word_1_234' title='bbox 439 5191 612 5266; x_wconf 87' lang='lat' dir='ltr'><strong>essentie</strong></span> <span class='ocrx_word' id='word_1_235' title='bbox 631 5195 819 5282; x_wconf 90' lang='lat' dir='ltr'><strong>conspectu</strong></span> <span class='ocrx_word' id='word_1_236' title='bbox 837 5189 924 5280; x_wconf 85' lang='lat' dir='ltr'><strong>ejus,</strong></span> <span class='ocrx_word' id='word_1_237' title='bbox 944 5187 1114 5280; x_wconf 86' lang='lat' dir='ltr'><strong>praeridit</strong></span> <span class='ocrx_word' id='word_1_238' title='bbox 1131 5185 1256 5260; x_wconf 94' lang='lat' dir='ltr'><strong>modos</strong></span> 
     </span>
     <span class='ocr_line' id='line_1_41' title="bbox 439 5313 1254 5410; baseline -0.007 -18"><span class='ocrx_word' id='word_1_239' title='bbox 439 5335 559 5392; x_wconf 90' lang='lat' dir='ltr'><strong>earum</strong></span> <span class='ocrx_word' id='word_1_240' title='bbox 574 5335 648 5402; x_wconf 88' lang='lat' dir='ltr'><strong>sex,</strong></span> <span class='ocrx_word' id='word_1_241' title='bbox 667 5323 702 5392; x_wconf 92' lang='lat' dir='ltr'><strong>et</strong></span> <span class='ocrx_word' id='word_1_242' title='bbox 715 5335 861 5410; x_wconf 92' lang='lat' dir='ltr'><strong>operum</strong></span> <span class='ocrx_word' id='word_1_243' title='bbox 879 5316 1053 5392; x_wconf 90' lang='lat' dir='ltr'><strong>bonorum</strong></span> <span class='ocrx_word' id='word_1_244' title='bbox 1068 5313 1254 5405; x_wconf 87' lang='lat' dir='ltr'><strong>justorum,</strong></span> 
     </span>
     <span class='ocr_line' id='line_1_42' title="bbox 439 5441 1257 5536; baseline 0 -20"><span class='ocrx_word' id='word_1_245' title='bbox 439 5461 529 5535; x_wconf 87' lang='lat' dir='ltr'><strong>quae</strong></span> <span class='ocrx_word' id='word_1_246' title='bbox 547 5443 701 5524; x_wconf 89' lang='lat' dir='ltr'><strong>loturum</strong></span> <span class='ocrx_word' id='word_1_247' title='bbox 717 5450 789 5518; x_wconf 92' lang='lat' dir='ltr'><strong>erat</strong></span> <span class='ocrx_word' id='word_1_248' title='bbox 802 5449 840 5518; x_wconf 90' lang='lat' dir='ltr'><strong>ut</strong></span> <span class='ocrx_word' id='word_1_249' title='bbox 857 5443 1108 5536; x_wconf 86' lang='lat' dir='ltr'><strong>perficerentur</strong></span> <span class='ocrx_word' id='word_1_250' title='bbox 1125 5441 1161 5516; x_wconf 93' lang='lat' dir='ltr'><strong>in</strong></span> <span class='ocrx_word' id='word_1_251' title='bbox 1176 5461 1257 5516; x_wconf 91' lang='lat' dir='ltr'><strong>oon·</strong></span> 
     </span>
     <span class='ocr_line' id='line_1_43' title="bbox 439 5569 1253 5663; baseline 0.007 -19"><span class='ocrx_word' id='word_1_252' title='bbox 439 5577 561 5662; x_wconf 89' lang='lat' dir='ltr'><strong>spectu</strong></span> <span class='ocrx_word' id='word_1_253' title='bbox 576 5570 664 5662; x_wconf 84' lang='lat' dir='ltr'><strong>ejus,</strong></span> <span class='ocrx_word' id='word_1_254' title='bbox 684 5570 885 5663; x_wconf 74' lang='lat' dir='ltr'><strong>praevidet*</strong></span> <span class='ocrx_word' id='word_1_255' title='bbox 899 5569 1024 5644; x_wconf 89' lang='lat' dir='ltr'><strong>modos</strong></span> <span class='ocrx_word' id='word_1_256' title='bbox 1039 5587 1160 5644; x_wconf 91' lang='lat' dir='ltr'><strong>eorum</strong></span> <span class='ocrx_word' id='word_1_257' title='bbox 1179 5587 1253 5650; x_wconf 84' lang='lat' dir='ltr'><strong>sex.</strong></span> 
     </span>
     <span class='ocr_line' id='line_1_44' title="bbox 439 5697 1254 5794; baseline -0.001 -22"><span class='ocrx_word' id='word_1_258' title='bbox 439 5705 576 5792; x_wconf 88' lang='lat' dir='ltr'><strong>praeter</strong></span> <span class='ocrx_word' id='word_1_259' title='bbox 594 5718 645 5784; x_wconf 86' lang='lat' dir='ltr'><strong>ea,</strong></span> <span class='ocrx_word' id='word_1_260' title='bbox 667 5718 756 5794; x_wconf 84' lang='lat' dir='ltr'><strong>quac</strong></span> <span class='ocrx_word' id='word_1_261' title='bbox 774 5699 927 5776; x_wconf 90' lang='lat' dir='ltr'><strong>loturum</strong></span> <span class='ocrx_word' id='word_1_262' title='bbox 947 5705 1055 5774; x_wconf 90' lang='lat' dir='ltr'><strong>estut</strong></span> <span class='ocrx_word' id='word_1_263' title='bbox 1072 5697 1196 5774; x_wconf 78' lang='lat' dir='ltr'><strong>lactat·</strong></span> <span class='ocrx_word' id='word_1_264' title='bbox 1218 5699 1254 5772; x_wconf 94' lang='lat' dir='ltr'><strong>in</strong></span> 
     </span>
    </p>
   </div>
   <div class='ocr_carea' id='block_1_5' title="bbox 1348 348 2190 5665">
    <p class='ocr_par' dir='ltr' id='par_1_7' title="bbox 1356 348 2187 688">
     <span class='ocr_line' id='line_1_45' title="bbox 1356 348 2187 444; baseline 0.002 -22"><span class='ocrx_word' id='word_1_265' title='bbox 1356 348 1427 422; x_wconf 88' lang='lat' dir='ltr'><strong>tine</strong></span> <span class='ocrx_word' id='word_1_266' title='bbox 1445 349 1566 424; x_wconf 90' lang='lat' dir='ltr'><strong>seculi.</strong></span> <span class='ocrx_word' id='word_1_267' title='bbox 1586 349 1730 442; x_wconf 88' lang='lat' dir='ltr'><strong>Propter</strong></span> <span class='ocrx_word' id='word_1_268' title='bbox 1746 349 1815 426; x_wconf 91' lang='lat' dir='ltr'><strong>boe</strong></span> <span class='ocrx_word' id='word_1_269' title='bbox 1834 369 1905 426; x_wconf 90' lang='lat' dir='ltr'><strong>non</strong></span> <span class='ocrx_word' id='word_1_270' title='bbox 1923 369 2037 444; x_wconf 86' lang='lat' dir='ltr'><strong>aquae</strong></span> <span class='ocrx_word' id='word_1_271' title='bbox 2059 351 2187 442; x_wconf 87' lang='lat' dir='ltr'><strong>nigrae</strong></span> 
     </span>
     <span class='ocr_line' id='line_1_46' title="bbox 1357 467 2185 570; baseline -0.004 -17"><span class='ocrx_word' id='word_1_272' title='bbox 1357 467 1445 554; x_wconf 84' lang='lat' dir='ltr'><strong>cum&#39;</strong></span> <span class='ocrx_word' id='word_1_273' title='bbox 1465 478 1587 568; x_wconf 85' lang='lat' dir='ltr'><strong>nigris,</strong></span> <span class='ocrx_word' id='word_1_274' title='bbox 1620 497 1737 570; x_wconf 81' lang='lat' dir='ltr'><strong>neque</strong></span> <span class='ocrx_word' id='word_1_275' title='bbox 1763 479 1902 554; x_wconf 87' lang='lat' dir='ltr'><strong>lucidae</strong></span> <span class='ocrx_word' id='word_1_276' title='bbox 1928 497 2008 554; x_wconf 91' lang='lat' dir='ltr'><strong>oum</strong></span> <span class='ocrx_word' id='word_1_277' title='bbox 2038 479 2185 552; x_wconf 88' lang='lat' dir='ltr'><strong>lucidis.</strong></span> 
     </span>
     <span class='ocr_line' id='line_1_47' title="bbox 1356 603 1651 688; baseline 0.007 -10"><span class='ocrx_word' id='word_1_278' title='bbox 1356 603 1453 678; x_wconf 84' lang='lat' dir='ltr'><strong>Finis</strong></span> <span class='ocrx_word' id='word_1_279' title='bbox 1472 605 1651 688; x_wconf 81' lang='lat' dir='ltr'><strong>esteoim.</strong></span> 
     </span>
    </p>

    <p class='ocr_par' dir='ltr' id='par_1_8' title="bbox 1348 731 2190 5665">
     <span class='ocr_line' id='line_1_48' title="bbox 1411 731 2184 826; baseline -0.003 -20"><span class='ocrx_word' id='word_1_280' title='bbox 1411 733 1474 806; x_wconf 80' lang='lat' dir='ltr'><strong>to.</strong></span> <span class='ocrx_word' id='word_1_281' title='bbox 1493 731 1585 808; x_wconf 76' lang='lat' dir='ltr'><strong>Audi</strong></span> <span class='ocrx_word' id='word_1_282' title='bbox 1612 751 1695 826; x_wconf 87' lang='lat' dir='ltr'><strong>ergo</strong></span> <span class='ocrx_word' id='word_1_283' title='bbox 1722 734 2041 825; x_wconf 88' lang='lat' dir='ltr'><strong>interpretationem</strong></span> <span class='ocrx_word' id='word_1_284' title='bbox 2071 751 2184 824; x_wconf 85' lang='lat' dir='ltr'><strong>aqua·</strong></span> 
     </span>
     <span class='ocr_line' id='line_1_49' title="bbox 1356 841 2184 965; baseline 0.004 -34"><span class='ocrx_word' id='word_1_285' title='bbox 1356 877 1434 932; x_wconf 92' lang='lat' dir='ltr'><strong>rom</strong></span> <span class='ocrx_word' id='word_1_286' title='bbox 1461 860 1638 965; x_wconf 85' lang='lat' dir='ltr'><strong>nigrarum</strong></span> <span class='ocrx_word' id='word_1_287' title='bbox 1667 841 1933 952; x_wconf 82' lang='lat' dir='ltr'><strong>postremarum,</strong></span> <span class='ocrx_word' id='word_1_288' title='bbox 1964 879 2056 952; x_wconf 84' lang='lat' dir='ltr'><strong>quae</strong></span> <span class='ocrx_word' id='word_1_289' title='bbox 2087 861 2184 934; x_wconf 88' lang='lat' dir='ltr'><strong>intu-</strong></span> 
     </span>
     <span class='ocr_line' id='line_1_50' title="bbox 1356 988 2185 1079; baseline -0.004 -19"><span class='ocrx_word' id='word_1_290' title='bbox 1356 1003 1434 1060; x_wconf 92' lang='lat' dir='ltr'><strong>rum</strong></span> <span class='ocrx_word' id='word_1_291' title='bbox 1458 994 1513 1060; x_wconf 90' lang='lat' dir='ltr'><strong>est</strong></span> <span class='ocrx_word' id='word_1_292' title='bbox 1539 995 1578 1061; x_wconf 87' lang='lat' dir='ltr'><strong>ut</strong></span> <span class='ocrx_word' id='word_1_293' title='bbox 1596 989 1735 1062; x_wconf 89' lang='lat' dir='ltr'><strong>veniant</strong></span> <span class='ocrx_word' id='word_1_294' title='bbox 1760 993 1842 1079; x_wconf 83' lang='lat' dir='ltr'><strong>post</strong></span> <span class='ocrx_word' id='word_1_295' title='bbox 1872 988 2002 1078; x_wconf 85' lang='lat' dir='ltr'><strong>nigras.</strong></span> <span class='ocrx_word' id='word_1_296' title='bbox 2030 988 2108 1060; x_wconf 84' lang='lat' dir='ltr'><strong>lloc</strong></span> <span class='ocrx_word' id='word_1_297' title='bbox 2130 995 2185 1060; x_wconf 85' lang='lat' dir='ltr'><strong>est</strong></span> 
     </span>
     <span class='ocr_line' id='line_1_51' title="bbox 1356 1113 2183 1198; baseline -0.001 -11"><span class='ocrx_word' id='word_1_298' title='bbox 1356 1113 1514 1188; x_wconf 82' lang='lat' dir='ltr'><strong>uerbum.</strong></span> <span class='ocrx_word' id='word_1_299' title='bbox 1546 1116 1636 1190; x_wconf 79' lang='lat' dir='ltr'><strong>Ecce</strong></span> <span class='ocrx_word' id='word_1_300' title='bbox 1654 1115 1730 1190; x_wconf 90' lang='lat' dir='ltr'><strong>dios</strong></span> <span class='ocrx_word' id='word_1_301' title='bbox 1759 1115 1910 1198; x_wconf 87' lang='lat' dir='ltr'><strong>uenient,</strong></span> <span class='ocrx_word' id='word_1_302' title='bbox 1931 1121 1968 1188; x_wconf 89' lang='lat' dir='ltr'><strong>et</strong></span> <span class='ocrx_word' id='word_1_303' title='bbox 1998 1115 2067 1186; x_wconf 90' lang='lat' dir='ltr'><strong>erit</strong></span> <span class='ocrx_word' id='word_1_304' title='bbox 2097 1131 2183 1187; x_wconf 90' lang='lat' dir='ltr'><strong>cum</strong></span> 
     </span>
     <span class='ocr_line' id='line_1_52' title="bbox 1356 1241 2184 1352; baseline -0.002 -36"><span class='ocrx_word' id='word_1_305' title='bbox 1356 1243 1561 1320; x_wconf 88' lang='lat' dir='ltr'><strong>maturuerit</strong></span> <span class='ocrx_word' id='word_1_306' title='bbox 1578 1249 1717 1336; x_wconf 89' lang='lat' dir='ltr'><strong>tempus</strong></span> <span class='ocrx_word' id='word_1_307' title='bbox 1739 1242 1861 1352; x_wconf 76' lang='lat' dir='ltr'><strong>seculi,</strong></span> <span class='ocrx_word' id='word_1_308' title='bbox 1881 1247 1916 1315; x_wconf 92' lang='lat' dir='ltr'><strong>et</strong></span> <span class='ocrx_word' id='word_1_309' title='bbox 1935 1241 2077 1314; x_wconf 85' lang='lat' dir='ltr'><strong>uenerit</strong></span> <span class='ocrx_word' id='word_1_310' title='bbox 2090 1258 2184 1314; x_wconf 88' lang='lat' dir='ltr'><strong>mes-</strong></span> 
     </span>
     <span class='ocr_line' id='line_1_53' title="bbox 1356 1368 2180 1462; baseline -0.005 -18"><span class='ocrx_word' id='word_1_311' title='bbox 1356 1371 1406 1444; x_wconf 89' lang='lat' dir='ltr'><strong>sis</strong></span> <span class='ocrx_word' id='word_1_312' title='bbox 1434 1371 1607 1444; x_wconf 89' lang='lat' dir='ltr'><strong>seminum</strong></span> <span class='ocrx_word' id='word_1_313' title='bbox 1631 1369 1707 1462; x_wconf 83' lang='lat' dir='ltr'><strong>ejus</strong></span> <span class='ocrx_word' id='word_1_314' title='bbox 1733 1371 1903 1444; x_wconf 89' lang='lat' dir='ltr'><strong>malorum</strong></span> <span class='ocrx_word' id='word_1_315' title='bbox 1930 1375 1966 1442; x_wconf 89' lang='lat' dir='ltr'><strong>et</strong></span> <span class='ocrx_word' id='word_1_316' title='bbox 1988 1368 2180 1449; x_wconf 81' lang='lat' dir='ltr'><strong>bonorum</strong></span> 
     </span>
     <span class='ocr_line' id='line_1_54' title="bbox 1357 1494 2181 1589; baseline -0.001 -20"><span class='ocrx_word' id='word_1_317' title='bbox 1357 1497 1507 1572; x_wconf 86' lang='lat' dir='ltr'><strong>adducet</strong></span> <span class='ocrx_word' id='word_1_318' title='bbox 1524 1498 1637 1572; x_wconf 82' lang='lat' dir='ltr'><strong>Fortis</strong></span> <span class='ocrx_word' id='word_1_319' title='bbox 1655 1503 1902 1589; x_wconf 85' lang='lat' dir='ltr'><strong>superterram</strong></span> <span class='ocrx_word' id='word_1_320' title='bbox 1917 1494 2181 1570; x_wconf 77' lang='lat' dir='ltr'><strong>etbabiratoree</strong></span> 
     </span>
     <span class='ocr_line' id='line_1_55' title="bbox 1356 1621 2181 1717; baseline -0.005 -19"><span class='ocrx_word' id='word_1_321' title='bbox 1356 1621 1445 1713; x_wconf 86' lang='lat' dir='ltr'><strong>ejus,</strong></span> <span class='ocrx_word' id='word_1_322' title='bbox 1465 1631 1501 1698; x_wconf 88' lang='lat' dir='ltr'><strong>et</strong></span> <span class='ocrx_word' id='word_1_323' title='bbox 1526 1642 1633 1717; x_wconf 92' lang='lat' dir='ltr'><strong>super</strong></span> <span class='ocrx_word' id='word_1_324' title='bbox 1651 1625 1902 1717; x_wconf 86' lang='lat' dir='ltr'><strong>gubernatores</strong></span> <span class='ocrx_word' id='word_1_325' title='bbox 1929 1623 2007 1714; x_wconf 84' lang='lat' dir='ltr'><strong>ejus</strong></span> <span class='ocrx_word' id='word_1_326' title='bbox 2035 1627 2181 1696; x_wconf 83' lang='lat' dir='ltr'><strong>contam-</strong></span> 
     </span>
     <span class='ocr_line' id='line_1_56' title="bbox 1355 1749 2190 1842; baseline -0.001 -19"><span class='ocrx_word' id='word_1_327' title='bbox 1355 1749 1532 1824; x_wconf 88' lang='lat' dir='ltr'><strong>bationom</strong></span> <span class='ocrx_word' id='word_1_328' title='bbox 1558 1751 1743 1842; x_wconf 88' lang='lat' dir='ltr'><strong>spirituum</strong></span> <span class='ocrx_word' id='word_1_329' title='bbox 1771 1757 1806 1826; x_wconf 88' lang='lat' dir='ltr'><strong>et</strong></span> <span class='ocrx_word' id='word_1_330' title='bbox 1833 1757 2012 1842; x_wconf 92' lang='lat' dir='ltr'><strong>stuporem</strong></span> <span class='ocrx_word' id='word_1_331' title='bbox 2040 1749 2190 1830; x_wconf 85' lang='lat' dir='ltr'><strong>cordie‚·</strong></span> 
     </span>
     <span class='ocr_line' id='line_1_57' title="bbox 1357 1877 2178 1969; baseline -0.005 -17"><span class='ocrx_word' id='word_1_332' title='bbox 1357 1885 1392 1952; x_wconf 90' lang='lat' dir='ltr'><strong>et</strong></span> <span class='ocrx_word' id='word_1_333' title='bbox 1417 1878 1537 1952; x_wconf 89' lang='lat' dir='ltr'><strong>odient</strong></span> <span class='ocrx_word' id='word_1_334' title='bbox 1561 1880 1723 1962; x_wconf 86' lang='lat' dir='ltr'><strong>invicem,</strong></span> <span class='ocrx_word' id='word_1_335' title='bbox 1752 1883 1787 1952; x_wconf 91' lang='lat' dir='ltr'><strong>ot</strong></span> <span class='ocrx_word' id='word_1_336' title='bbox 1804 1897 1845 1952; x_wconf 91' lang='lat' dir='ltr'><strong>se</strong></span> <span class='ocrx_word' id='word_1_337' title='bbox 1862 1877 2106 1969; x_wconf 85' lang='lat' dir='ltr'><strong>provocabunt</strong></span> <span class='ocrx_word' id='word_1_338' title='bbox 2120 1879 2178 1948; x_wconf 94' lang='lat' dir='ltr'><strong>in·</strong></span> 
     </span>
     <span class='ocr_line' id='line_1_58' title="bbox 1355 2004 2178 2098; baseline 0.001 -23"><span class='ocrx_word' id='word_1_339' title='bbox 1355 2006 1468 2098; x_wconf 86' lang='lat' dir='ltr'><strong>uicem</strong></span> <span class='ocrx_word' id='word_1_340' title='bbox 1486 2005 1530 2078; x_wconf 87' lang='lat' dir='ltr'><strong>ad</strong></span> <span class='ocrx_word' id='word_1_341' title='bbox 1548 2023 1713 2098; x_wconf 88' lang='lat' dir='ltr'><strong>pugnam,</strong></span> <span class='ocrx_word' id='word_1_342' title='bbox 1733 2013 1769 2080; x_wconf 91' lang='grc' dir='ltr'><strong>ιι</strong></span> <span class='ocrx_word' id='word_1_343' title='bbox 1787 2004 2059 2080; x_wconf 89' lang='lat' dir='ltr'><strong>dominabuntur</strong></span> <span class='ocrx_word' id='word_1_344' title='bbox 2079 2005 2178 2094; x_wconf 89' lang='lat' dir='ltr'><strong>igno·</strong></span> 
     </span>
     <span class='ocr_line' id='line_1_59' title="bbox 1355 2131 2178 2221; baseline -0.007 -13"><span class='ocrx_word' id='word_1_345' title='bbox 1355 2133 1496 2208; x_wconf 89' lang='lat' dir='ltr'><strong>miniosi</strong></span> <span class='ocrx_word' id='word_1_346' title='bbox 1509 2133 1769 2218; x_wconf 88' lang='lat' dir='ltr'><strong>bonoratorum,</strong></span> <span class='ocrx_word' id='word_1_347' title='bbox 1785 2139 1820 2206; x_wconf 92' lang='lat' dir='ltr'><strong>et</strong></span> <span class='ocrx_word' id='word_1_348' title='bbox 1837 2132 2046 2206; x_wconf 83' lang='lat' dir='ltr'><strong>extollentur</strong></span> <span class='ocrx_word' id='word_1_349' title='bbox 2058 2131 2178 2221; x_wconf 79' lang='lat' dir='ltr'><strong>exigui</strong></span> 
     </span>
     <span class='ocr_line' id='line_1_60' title="bbox 1355 2259 2177 2352; baseline -0.004 -18"><span class='ocrx_word' id='word_1_350' title='bbox 1355 2261 1671 2352; x_wconf 87' lang='lat' dir='ltr'><strong>supergloriosus,</strong></span> <span class='ocrx_word' id='word_1_351' title='bbox 1699 2267 1734 2336; x_wconf 90' lang='lat' dir='ltr'><strong>et</strong></span> <span class='ocrx_word' id='word_1_352' title='bbox 1761 2260 1940 2334; x_wconf 88' lang='lat' dir='ltr'><strong>tradentur</strong></span> <span class='ocrx_word' id='word_1_353' title='bbox 1965 2259 2066 2332; x_wconf 90' lang='lat' dir='ltr'><strong>multi</strong></span> <span class='ocrx_word' id='word_1_354' title='bbox 2094 2277 2177 2350; x_wconf 87' lang='lat' dir='ltr'><strong>pau·</strong></span> 
     </span>
     <span class='ocr_line' id='line_1_61' title="bbox 1351 2387 2172 2484; baseline -0.002 -23"><span class='ocrx_word' id='word_1_355' title='bbox 1351 2387 1418 2484; x_wconf 80' lang='lat' dir='ltr'><strong>cis,</strong></span> <span class='ocrx_word' id='word_1_356' title='bbox 1437 2393 1473 2462; x_wconf 91' lang='grc' dir='ltr'><strong>ιι</strong></span> <span class='ocrx_word' id='word_1_357' title='bbox 1490 2387 1761 2462; x_wconf 89' lang='lat' dir='ltr'><strong>dominabuntur</strong></span> <span class='ocrx_word' id='word_1_358' title='bbox 1779 2387 1839 2482; x_wconf 63' lang='lat' dir='ltr'><strong>itti„</strong></span> <span class='ocrx_word' id='word_1_359' title='bbox 1861 2388 1922 2478; x_wconf 82' lang='lat' dir='ltr'><strong>qni</strong></span> <span class='ocrx_word' id='word_1_360' title='bbox 1947 2387 2037 2460; x_wconf 91' lang='lat' dir='ltr'><strong>nibil</strong></span> <span class='ocrx_word' id='word_1_361' title='bbox 2063 2394 2172 2468; x_wconf 89' lang='lat' dir='ltr'><strong>erant,</strong></span> 
     </span>
     <span class='ocr_line' id='line_1_62' title="bbox 1355 2513 2173 2606; baseline -0.005 -16"><span class='ocrx_word' id='word_1_362' title='bbox 1355 2533 1462 2606; x_wconf 90' lang='lat' dir='ltr'><strong>super</strong></span> <span class='ocrx_word' id='word_1_363' title='bbox 1493 2515 1647 2599; x_wconf 86' lang='lat' dir='ltr'><strong>ualidos,</strong></span> <span class='ocrx_word' id='word_1_364' title='bbox 1676 2523 1713 2590; x_wconf 87' lang='grc' dir='ltr'><strong>ιι</strong></span> <span class='ocrx_word' id='word_1_365' title='bbox 1741 2513 1971 2590; x_wconf 89' lang='lat' dir='ltr'><strong>abundabunt</strong></span> <span class='ocrx_word' id='word_1_366' title='bbox 2000 2531 2173 2605; x_wconf 88' lang='lat' dir='ltr'><strong>pauperes</strong></span> 
     </span>
     <span class='ocr_line' id='line_1_63' title="bbox 1355 2639 2173 2734; baseline -0.002 -19"><span class='ocrx_word' id='word_1_367' title='bbox 1355 2659 1462 2734; x_wconf 91' lang='lat' dir='ltr'><strong>super</strong></span> <span class='ocrx_word' id='word_1_368' title='bbox 1479 2640 1616 2725; x_wconf 89' lang='lat' dir='ltr'><strong>divites,</strong></span> <span class='ocrx_word' id='word_1_369' title='bbox 1636 2649 1672 2715; x_wconf 92' lang='lat' dir='ltr'><strong>et</strong></span> <span class='ocrx_word' id='word_1_370' title='bbox 1689 2639 1931 2716; x_wconf 79' lang='lat' dir='ltr'><strong>exaltabuntur</strong></span> <span class='ocrx_word' id='word_1_371' title='bbox 1948 2642 2047 2733; x_wconf 91' lang='lat' dir='ltr'><strong>impii</strong></span> <span class='ocrx_word' id='word_1_372' title='bbox 2064 2661 2173 2734; x_wconf 90' lang='lat' dir='ltr'><strong>super</strong></span> 
     </span>
     <span class='ocr_line' id='line_1_64' title="bbox 1354 2769 2171 2876; baseline -0.001 -34"><span class='ocrx_word' id='word_1_373' title='bbox 1354 2769 1493 2852; x_wconf 89' lang='lat' dir='ltr'><strong>beruas,</strong></span> <span class='ocrx_word' id='word_1_374' title='bbox 1513 2778 1548 2844; x_wconf 91' lang='lat' dir='ltr'><strong>et</strong></span> <span class='ocrx_word' id='word_1_375' title='bbox 1564 2769 1718 2876; x_wconf 83' lang='lat' dir='ltr'><strong>silebunt</strong></span> <span class='ocrx_word' id='word_1_376' title='bbox 1734 2771 1922 2860; x_wconf 89' lang='lat' dir='ltr'><strong>sepientes,</strong></span> <span class='ocrx_word' id='word_1_377' title='bbox 1943 2775 1978 2842; x_wconf 91' lang='grc' dir='ltr'><strong>ιι</strong></span> <span class='ocrx_word' id='word_1_378' title='bbox 1995 2769 2093 2842; x_wconf 88' lang='grc' dir='ltr'><strong>ιιιιιι</strong></span> <span class='ocrx_word' id='word_1_379' title='bbox 2121 2770 2171 2841; x_wconf 90' lang='lat' dir='ltr'><strong>lo·</strong></span> 
     </span>
     <span class='ocr_line' id='line_1_65' title="bbox 1356 2895 2174 2989; baseline -0.001 -19"><span class='ocrx_word' id='word_1_380' title='bbox 1356 2903 1517 2988; x_wconf 81' lang='lat' dir='ltr'><strong>quemm,</strong></span> <span class='ocrx_word' id='word_1_381' title='bbox 1532 2915 1648 2988; x_wconf 87' lang='lat' dir='ltr'><strong>oeque</strong></span> <span class='ocrx_word' id='word_1_382' title='bbox 1665 2895 1928 2972; x_wconf 87' lang='lat' dir='ltr'><strong>confirmabitur</strong></span> <span class='ocrx_word' id='word_1_383' title='bbox 1946 2902 2029 2970; x_wconf 85' lang='lat' dir='ltr'><strong>tunc</strong></span> <span class='ocrx_word' id='word_1_384' title='bbox 2049 2899 2174 2989; x_wconf 90' lang='lat' dir='ltr'><strong>cogita·</strong></span> 
     </span>
     <span class='ocr_line' id='line_1_66' title="bbox 1354 3004 2175 3116; baseline -0.002 -19"><span class='ocrx_word' id='word_1_385' title='bbox 1354 3025 1404 3097; x_wconf 91' lang='lat' dir='ltr'><strong>tio</strong></span> <span class='ocrx_word' id='word_1_386' title='bbox 1421 3004 1602 3098; x_wconf 89' lang='lat' dir='ltr'><strong>bominum</strong></span> <span class='ocrx_word' id='word_1_387' title='bbox 1630 3043 1746 3116; x_wconf 83' lang='lat' dir='ltr'><strong>noune</strong></span> <span class='ocrx_word' id='word_1_388' title='bbox 1764 3024 1951 3100; x_wconf 88' lang='lat' dir='ltr'><strong>consilium</strong></span> <span class='ocrx_word' id='word_1_389' title='bbox 1977 3024 2089 3105; x_wconf 87' lang='lat' dir='ltr'><strong>tortis,</strong></span> <span class='ocrx_word' id='word_1_390' title='bbox 2118 3043 2175 3096; x_wconf 82' lang='lat' dir='ltr'><strong>ne</strong></span> 
     </span>
     <span class='ocr_line' id='line_1_67' title="bbox 1354 3151 2173 3252; baseline -0.005 -26"><span class='ocrx_word' id='word_1_391' title='bbox 1354 3169 1424 3244; x_wconf 85' lang='lat' dir='ltr'><strong>one</strong></span> <span class='ocrx_word' id='word_1_392' title='bbox 1447 3152 1706 3226; x_wconf 81' lang='lat' dir='ltr'><strong>confirmabitur</strong></span> <span class='ocrx_word' id='word_1_393' title='bbox 1733 3169 1816 3242; x_wconf 89' lang='lat' dir='ltr'><strong>spes</strong></span> <span class='ocrx_word' id='word_1_394' title='bbox 1843 3152 2075 3252; x_wconf 86' lang='lat' dir='ltr'><strong>sperantium.¹</strong></span> <span class='ocrx_word' id='word_1_395' title='bbox 2100 3151 2173 3222; x_wconf 84' lang='lat' dir='ltr'><strong>Erit</strong></span> 
     </span>
     <span class='ocr_line' id='line_1_68' title="bbox 1353 3265 2170 3371; baseline 0.011 -21"><span class='ocrx_word' id='word_1_396' title='bbox 1353 3284 1484 3362; x_wconf 85' lang='grc' dir='ltr'><strong>ιιιιιι,</strong></span> <span class='ocrx_word' id='word_1_397' title='bbox 1513 3297 1591 3352; x_wconf 93' lang='lat' dir='ltr'><strong>cum</strong></span> <span class='ocrx_word' id='word_1_398' title='bbox 1610 3265 1847 3371; x_wconf 75' lang='lat' dir='ltr'><strong>inerint‘quae</strong></span> <span class='ocrx_word' id='word_1_399' title='bbox 1873 3278 2051 3371; x_wconf 88' lang='lat' dir='ltr'><strong>praedicta</strong></span> <span class='ocrx_word' id='word_1_400' title='bbox 2077 3287 2170 3360; x_wconf 75' lang='lat' dir='ltr'><strong>sunl,</strong></span> 
     </span>
     <span class='ocr_line' id='line_1_69' title="bbox 1353 3403 2171 3498; baseline 0 -20"><span class='ocrx_word' id='word_1_401' title='bbox 1353 3403 1452 3478; x_wconf 90' lang='lat' dir='ltr'><strong>cadet</strong></span> <span class='ocrx_word' id='word_1_402' title='bbox 1481 3406 1663 3498; x_wconf 88' lang='lat' dir='ltr'><strong>permistio</strong></span> <span class='ocrx_word' id='word_1_403' title='bbox 1695 3407 1732 3480; x_wconf 91' lang='lat' dir='ltr'><strong>iu</strong></span> <span class='ocrx_word' id='word_1_404' title='bbox 1761 3425 1884 3480; x_wconf 90' lang='lat' dir='ltr'><strong>omnes</strong></span> <span class='ocrx_word' id='word_1_405' title='bbox 1916 3407 2104 3489; x_wconf 88' lang='lat' dir='ltr'><strong>homines,</strong></span> <span class='ocrx_word' id='word_1_406' title='bbox 2138 3412 2171 3478; x_wconf 91' lang='lat' dir='ltr'><strong>et</strong></span> 
     </span>
     <span class='ocr_line' id='line_1_70' title="bbox 1353 3532 2171 3624; baseline 0.002 -20"><span class='ocrx_word' id='word_1_407' title='bbox 1353 3549 1397 3606; x_wconf 88' lang='lat' dir='ltr'><strong>ex</strong></span> <span class='ocrx_word' id='word_1_408' title='bbox 1414 3532 1458 3604; x_wconf 93' lang='lat' dir='ltr'><strong>iis</strong></span> <span class='ocrx_word' id='word_1_409' title='bbox 1485 3533 1521 3606; x_wconf 92' lang='lat' dir='ltr'><strong>ln</strong></span> <span class='ocrx_word' id='word_1_410' title='bbox 1549 3533 1684 3624; x_wconf 87' lang='lat' dir='ltr'><strong>praello</strong></span> <span class='ocrx_word' id='word_1_411' title='bbox 1698 3533 1833 3616; x_wconf 84' lang='lat' dir='ltr'><strong>cadent.</strong></span> <span class='ocrx_word' id='word_1_412' title='bbox 1855 3539 1890 3606; x_wconf 89' lang='lat' dir='ltr'><strong>et</strong></span> <span class='ocrx_word' id='word_1_413' title='bbox 1916 3553 1961 3606; x_wconf 87' lang='lat' dir='ltr'><strong>ex</strong></span> <span class='ocrx_word' id='word_1_414' title='bbox 1986 3533 2030 3606; x_wconf 89' lang='lat' dir='ltr'><strong>lis</strong></span> <span class='ocrx_word' id='word_1_415' title='bbox 2049 3535 2087 3606; x_wconf 91' lang='lat' dir='ltr'><strong>in</strong></span> <span class='ocrx_word' id='word_1_416' title='bbox 2115 3553 2171 3606; x_wconf 90' lang='lat' dir='ltr'><strong>ao·</strong></span> 
     </span>
     <span class='ocr_line' id='line_1_71' title="bbox 1352 3655 2168 3752; baseline 0.002 -22"><span class='ocrx_word' id='word_1_417' title='bbox 1352 3659 1475 3750; x_wconf 86' lang='lat' dir='ltr'><strong>gustiis</strong></span> <span class='ocrx_word' id='word_1_418' title='bbox 1510 3658 1697 3750; x_wconf 88' lang='lat' dir='ltr'><strong>peribunt,</strong></span> <span class='ocrx_word' id='word_1_419' title='bbox 1726 3666 1761 3736; x_wconf 93' lang='grc' dir='ltr'><strong>ιι</strong></span> <span class='ocrx_word' id='word_1_420' title='bbox 1788 3677 1833 3733; x_wconf 83' lang='lat' dir='ltr'><strong>ex</strong></span> <span class='ocrx_word' id='word_1_421' title='bbox 1869 3660 1913 3732; x_wconf 88' lang='lat' dir='ltr'><strong>iis</strong></span> <span class='ocrx_word' id='word_1_422' title='bbox 1940 3655 1984 3734; x_wconf 85' lang='lat' dir='ltr'><strong>ab</strong></span> <span class='ocrx_word' id='word_1_423' title='bbox 2011 3661 2081 3734; x_wconf 88' lang='lat' dir='ltr'><strong>illis</strong></span> <span class='ocrx_word' id='word_1_424' title='bbox 2110 3663 2168 3752; x_wconf 80' lang='lat' dir='ltr'><strong>qul</strong></span> 
     </span>
     <span class='ocr_line' id='line_1_72' title="bbox 1352 3777 2169 3878; baseline -0.002 -18"><span class='ocrx_word' id='word_1_425' title='bbox 1352 3804 1473 3860; x_wconf 90' lang='lat' dir='ltr'><strong>eorum</strong></span> <span class='ocrx_word' id='word_1_426' title='bbox 1492 3793 1574 3860; x_wconf 91' lang='lat' dir='ltr'><strong>sont</strong></span> <span class='ocrx_word' id='word_1_427' title='bbox 1599 3787 1842 3878; x_wconf 90' lang='lat' dir='ltr'><strong>impedientur.</strong></span> <span class='ocrx_word' id='word_1_428' title='bbox 1862 3777 2091 3860; x_wconf 83' lang='grc' dir='ltr'><strong>ιιιιιιιιιιιιιι</strong></span> <span class='ocrx_word' id='word_1_429' title='bbox 2108 3805 2169 3859; x_wconf 90' lang='lat' dir='ltr'><strong>au·</strong></span> 
     </span>
     <span class='ocr_line' id='line_1_73' title="bbox 1351 3885 2168 4007; baseline 0 -19"><span class='ocrx_word' id='word_1_430' title='bbox 1351 3922 1423 3990; x_wconf 89' lang='lat' dir='ltr'><strong>tem</strong></span> <span class='ocrx_word' id='word_1_431' title='bbox 1449 3885 1648 3988; x_wconf 70' lang='lat' dir='ltr'><strong>Alti‘ssimus</strong></span> <span class='ocrx_word' id='word_1_432' title='bbox 1679 3915 1747 3988; x_wconf 89' lang='lat' dir='ltr'><strong>illis</strong></span> <span class='ocrx_word' id='word_1_433' title='bbox 1778 3915 1931 4007; x_wconf 89' lang='lat' dir='ltr'><strong>populls,</strong></span> <span class='ocrx_word' id='word_1_434' title='bbox 1951 3933 2043 4006; x_wconf 86' lang='lat' dir='ltr'><strong>qnos</strong></span> <span class='ocrx_word' id='word_1_435' title='bbox 2071 3921 2168 3988; x_wconf 85' lang='grc' dir='ltr'><strong>ιιιιιι</strong></span> 
     </span>
     <span class='ocr_line' id='line_1_74' title="bbox 1351 4045 2169 4137; baseline 0 -21"><span class='ocrx_word' id='word_1_436' title='bbox 1351 4045 1494 4135; x_wconf 89' lang='lat' dir='ltr'><strong>parauit,</strong></span> <span class='ocrx_word' id='word_1_437' title='bbox 1514 4050 1550 4118; x_wconf 88' lang='lat' dir='ltr'><strong>et</strong></span> <span class='ocrx_word' id='word_1_438' title='bbox 1567 4046 1707 4120; x_wconf 86' lang='lat' dir='ltr'><strong>venient</strong></span> <span class='ocrx_word' id='word_1_439' title='bbox 1725 4051 1760 4120; x_wconf 89' lang='grc' dir='ltr'><strong>ιι</strong></span> <span class='ocrx_word' id='word_1_440' title='bbox 1775 4045 1994 4137; x_wconf 86' lang='lat' dir='ltr'><strong>praeliabnnt</strong></span> <span class='ocrx_word' id='word_1_441' title='bbox 2008 4063 2090 4119; x_wconf 91' lang='lat' dir='ltr'><strong>oum</strong></span> <span class='ocrx_word' id='word_1_442' title='bbox 2108 4045 2169 4118; x_wconf 89' lang='lat' dir='ltr'><strong>dn·</strong></span> 
     </span>
     <span class='ocr_line' id='line_1_75' title="bbox 1351 4169 2171 4276; baseline 0 -32"><span class='ocrx_word' id='word_1_443' title='bbox 1351 4169 1452 4244; x_wconf 90' lang='lat' dir='ltr'><strong>cibus</strong></span> <span class='ocrx_word' id='word_1_444' title='bbox 1467 4172 1527 4262; x_wconf 81' lang='lat' dir='ltr'><strong>uui</strong></span> <span class='ocrx_word' id='word_1_445' title='bbox 1546 4171 1671 4262; x_wconf 87' lang='lat' dir='ltr'><strong>reliqui</strong></span> <span class='ocrx_word' id='word_1_446' title='bbox 1689 4173 1817 4276; x_wconf 85' lang='lat' dir='ltr'><strong>luerint</strong></span> <span class='ocrx_word' id='word_1_447' title='bbox 1835 4178 1929 4246; x_wconf 91' lang='lat' dir='ltr'><strong>tunc.</strong></span> <span class='ocrx_word' id='word_1_448' title='bbox 1947 4171 1989 4244; x_wconf 84' lang='lat' dir='ltr'><strong>Et</strong></span> <span class='ocrx_word' id='word_1_449' title='bbox 2003 4172 2080 4254; x_wconf 87' lang='lat' dir='ltr'><strong>erit,</strong></span> <span class='ocrx_word' id='word_1_450' title='bbox 2097 4173 2171 4263; x_wconf 78' lang='lat' dir='ltr'><strong>qui</strong></span> 
     </span>
     <span class='ocr_line' id='line_1_76' title="bbox 1350 4297 2166 4390; baseline -0.005 -18"><span class='ocrx_word' id='word_1_451' title='bbox 1350 4315 1501 4390; x_wconf 80' lang='lat' dir='ltr'><strong>cumque</strong></span> <span class='ocrx_word' id='word_1_452' title='bbox 1528 4299 1677 4372; x_wconf 83' lang='lat' dir='ltr'><strong>evaserit</strong></span> <span class='ocrx_word' id='word_1_453' title='bbox 1707 4318 1727 4372; x_wconf 89' lang='lat' dir='ltr'><strong>a</strong></span> <span class='ocrx_word' id='word_1_454' title='bbox 1756 4297 1861 4382; x_wconf 91' lang='lat' dir='ltr'><strong>bello,</strong></span> <span class='ocrx_word' id='word_1_455' title='bbox 1891 4299 1929 4371; x_wconf 92' lang='lat' dir='ltr'><strong>in</strong></span> <span class='ocrx_word' id='word_1_456' title='bbox 1956 4304 2166 4372; x_wconf 87' lang='lat' dir='ltr'><strong>terraemotu</strong></span> 
     </span>
     <span class='ocr_line' id='line_1_77' title="bbox 1350 4428 2167 4518; baseline -0.001 -19"><span class='ocrx_word' id='word_1_457' title='bbox 1350 4428 1528 4509; x_wconf 88' lang='lat' dir='ltr'><strong>morietur,</strong></span> <span class='ocrx_word' id='word_1_458' title='bbox 1548 4433 1582 4500; x_wconf 91' lang='lat' dir='ltr'><strong>et</strong></span> <span class='ocrx_word' id='word_1_459' title='bbox 1600 4429 1660 4518; x_wconf 90' lang='lat' dir='ltr'><strong>qui</strong></span> <span class='ocrx_word' id='word_1_460' title='bbox 1678 4429 1826 4502; x_wconf 87' lang='lat' dir='ltr'><strong>evaserit</strong></span> <span class='ocrx_word' id='word_1_461' title='bbox 1849 4445 1869 4500; x_wconf 95' lang='lat' dir='ltr'><strong>a</strong></span> <span class='ocrx_word' id='word_1_462' title='bbox 1892 4432 2104 4500; x_wconf 86' lang='lat' dir='ltr'><strong>terraemotu</strong></span> <span class='ocrx_word' id='word_1_463' title='bbox 2133 4428 2167 4498; x_wconf 91' lang='lat' dir='ltr'><strong>iu</strong></span> 
     </span>
     <span class='ocr_line' id='line_1_78' title="bbox 1349 4554 2167 4647; baseline -0.002 -19"><span class='ocrx_word' id='word_1_464' title='bbox 1349 4555 1430 4646; x_wconf 89' lang='lat' dir='ltr'><strong>igne</strong></span> <span class='ocrx_word' id='word_1_465' title='bbox 1448 4555 1737 4638; x_wconf 88' lang='lat' dir='ltr'><strong>comburetur,.et</strong></span> <span class='ocrx_word' id='word_1_466' title='bbox 1763 4557 1824 4647; x_wconf 84' lang='lat' dir='ltr'><strong>qui</strong></span> <span class='ocrx_word' id='word_1_467' title='bbox 1838 4555 1993 4629; x_wconf 88' lang='lat' dir='ltr'><strong>evaserit</strong></span> <span class='ocrx_word' id='word_1_468' title='bbox 2019 4554 2064 4627; x_wconf 89' lang='lat' dir='ltr'><strong>ab</strong></span> <span class='ocrx_word' id='word_1_469' title='bbox 2087 4555 2167 4646; x_wconf 88' lang='lat' dir='ltr'><strong>igne</strong></span> 
     </span>
     <span class='ocr_line' id='line_1_79' title="bbox 1349 4659 2168 4773; baseline -0.002 -19"><span class='ocrx_word' id='word_1_470' title='bbox 1349 4682 1387 4755; x_wconf 93' lang='lat' dir='ltr'><strong>in</strong></span> <span class='ocrx_word' id='word_1_471' title='bbox 1403 4659 1494 4755; x_wconf 87' lang='lat' dir='ltr'><strong>tame</strong></span> <span class='ocrx_word' id='word_1_472' title='bbox 1512 4681 1649 4756; x_wconf 89' lang='lat' dir='ltr'><strong>dellclet</strong></span> <span class='ocrx_word' id='word_1_473' title='bbox 1663 4685 1687 4754; x_wconf 80' lang='lat'><strong>‘.</strong></span> <span class='ocrx_word' id='word_1_474' title='bbox 1707 4683 1749 4756; x_wconf 82' lang='lat' dir='ltr'><strong>lit</strong></span> <span class='ocrx_word' id='word_1_475' title='bbox 1767 4683 1843 4766; x_wconf 90' lang='lat' dir='ltr'><strong>erit,</strong></span> <span class='ocrx_word' id='word_1_476' title='bbox 1860 4682 2074 4773; x_wconf 82' lang='lat' dir='ltr'><strong>quicumque</strong></span> <span class='ocrx_word' id='word_1_477' title='bbox 2093 4698 2168 4754; x_wconf 88' lang='lat' dir='ltr'><strong>era·</strong></span> 
     </span>
     <span class='ocr_line' id='line_1_80' title="bbox 1349 4807 2168 4899; baseline 0 -17"><span class='ocrx_word' id='word_1_478' title='bbox 1349 4808 1434 4882; x_wconf 87' lang='lat' dir='ltr'><strong>serit</strong></span> <span class='ocrx_word' id='word_1_479' title='bbox 1452 4814 1486 4882; x_wconf 92' lang='grc' dir='ltr'><strong>ιι</strong></span> <span class='ocrx_word' id='word_1_480' title='bbox 1504 4807 1661 4899; x_wconf 85' lang='lat' dir='ltr'><strong>ettugerit</strong></span> <span class='ocrx_word' id='word_1_481' title='bbox 1679 4808 1722 4882; x_wconf 89' lang='lat' dir='ltr'><strong>ab</strong></span> <span class='ocrx_word' id='word_1_482' title='bbox 1736 4807 1900 4883; x_wconf 89' lang='lat' dir='ltr'><strong>omnibus</strong></span> <span class='ocrx_word' id='word_1_483' title='bbox 1918 4809 1996 4882; x_wconf 92' lang='lat' dir='ltr'><strong>istis</strong></span> <span class='ocrx_word' id='word_1_484' title='bbox 2015 4807 2168 4898; x_wconf 92' lang='lat' dir='ltr'><strong>praedic·</strong></span> 
     </span>
     <span class='ocr_line' id='line_1_81' title="bbox 1348 4937 2165 5028; baseline 0 -18"><span class='ocrx_word' id='word_1_485' title='bbox 1348 4937 1394 5010; x_wconf 90' lang='lat' dir='ltr'><strong>tis</strong></span> <span class='ocrx_word' id='word_1_486' title='bbox 1422 4953 1466 5010; x_wconf 88' lang='lat' dir='ltr'><strong>ex</strong></span> <span class='ocrx_word' id='word_1_487' title='bbox 1493 4937 1545 5010; x_wconf 89' lang='lat' dir='ltr'><strong>eis</strong></span> <span class='ocrx_word' id='word_1_488' title='bbox 1571 4937 1633 5028; x_wconf 87' lang='lat' dir='ltr'><strong>qui</strong></span> <span class='ocrx_word' id='word_1_489' title='bbox 1660 4937 1818 5012; x_wconf 83' lang='lat' dir='ltr'><strong>vicerunt</strong></span> <span class='ocrx_word' id='word_1_490' title='bbox 1840 4943 1875 5012; x_wconf 88' lang='grc' dir='ltr'><strong>ιι</strong></span> <span class='ocrx_word' id='word_1_491' title='bbox 1895 4937 1977 5010; x_wconf 85' lang='lat' dir='ltr'><strong>victi</strong></span> <span class='ocrx_word' id='word_1_492' title='bbox 2003 4937 2165 5020; x_wconf 85' lang='lat' dir='ltr'><strong>luerunt,</strong></span> 
     </span>
     <span class='ocr_line' id='line_1_82' title="bbox 1349 5061 2165 5156; baseline 0.002 -22"><span class='ocrx_word' id='word_1_493' title='bbox 1349 5061 1526 5156; x_wconf 86' lang='lat' dir='ltr'><strong>tradentur</strong></span> <span class='ocrx_word' id='word_1_494' title='bbox 1557 5064 1594 5138; x_wconf 87' lang='lat' dir='ltr'><strong>io</strong></span> <span class='ocrx_word' id='word_1_495' title='bbox 1625 5081 1750 5138; x_wconf 91' lang='lat' dir='ltr'><strong>manus</strong></span> <span class='ocrx_word' id='word_1_496' title='bbox 1782 5064 1875 5138; x_wconf 87' lang='lat' dir='ltr'><strong>servi</strong></span> <span class='ocrx_word' id='word_1_497' title='bbox 1906 5063 1975 5136; x_wconf 89' lang='lat' dir='ltr'><strong>mel</strong></span> <span class='ocrx_word' id='word_1_498' title='bbox 2005 5065 2165 5138; x_wconf 77' lang='lat' dir='ltr'><strong>Moseiae.</strong></span> 
     </span>
     <span class='ocr_line' id='line_1_83' title="bbox 1349 5169 2167 5286; baseline 0.005 -26"><span class='ocrx_word' id='word_1_499' title='bbox 1349 5189 1535 5266; x_wconf 78' lang='lat' dir='ltr'><strong>perorabit</strong></span> <span class='ocrx_word' id='word_1_500' title='bbox 1565 5193 1657 5266; x_wconf 90' lang='lat' dir='ltr'><strong>enlm</strong></span> <span class='ocrx_word' id='word_1_501' title='bbox 1685 5193 1800 5266; x_wconf 91' lang='lat' dir='ltr'><strong>omnis</strong></span> <span class='ocrx_word' id='word_1_502' title='bbox 1830 5172 1924 5266; x_wconf 68' lang='lat' dir='ltr'><strong>&#39;terra</strong></span> <span class='ocrx_word' id='word_1_503' title='bbox 1955 5169 2167 5286; x_wconf 83' lang='lat' dir='ltr'><strong>habitatores</strong></span> 
     </span>
     <span class='ocr_line' id='line_1_84' title="bbox 1350 5335 1448 5392; baseline 0.01 -1"><span class='ocrx_word' id='word_1_504' title='bbox 1350 5335 1448 5392; x_wconf 90' lang='lat' dir='ltr'><strong>suos.</strong></span> 
     </span>
     <span class='ocr_line' id='line_1_85' title="bbox 1365 5441 2166 5522; baseline -0.001 -4"><span class='ocrx_word' id='word_1_505' title='bbox 1365 5441 1371 5472; x_wconf 76' lang='lat'>⁸</span> <span class='ocrx_word' id='word_1_506' title='bbox 1405 5445 1467 5519; x_wconf 84' lang='grc' dir='ltr'><strong>ιι.</strong></span> <span class='ocrx_word' id='word_1_507' title='bbox 1501 5445 1604 5520; x_wconf 87' lang='lat' dir='ltr'><strong>Terra</strong></span> <span class='ocrx_word' id='word_1_508' title='bbox 1641 5452 1756 5521; x_wconf 93' lang='lat' dir='ltr'><strong>autem</strong></span> <span class='ocrx_word' id='word_1_509' title='bbox 1787 5452 1907 5520; x_wconf 87' lang='lat' dir='ltr'><strong>sancta</strong></span> <span class='ocrx_word' id='word_1_510' title='bbox 1944 5445 2166 5522; x_wconf 88' lang='lat' dir='ltr'><strong>miserebitur</strong></span> 
     </span>
     <span class='ocr_line' id='line_1_86' title="bbox 1349 5572 2164 5665; baseline 0.002 -19"><span class='ocrx_word' id='word_1_511' title='bbox 1349 5589 1455 5664; x_wconf 91' lang='lat' dir='ltr'><strong>super</strong></span> <span class='ocrx_word' id='word_1_512' title='bbox 1477 5591 1573 5658; x_wconf 86' lang='lat' dir='ltr'><strong>suos,</strong></span> <span class='ocrx_word' id='word_1_513' title='bbox 1594 5579 1629 5648; x_wconf 90' lang='lat' dir='ltr'><strong>et</strong></span> <span class='ocrx_word' id='word_1_514' title='bbox 1654 5579 1814 5665; x_wconf 87' lang='lat' dir='ltr'><strong>proteget</strong></span> <span class='ocrx_word' id='word_1_515' title='bbox 1841 5572 2055 5650; x_wconf 87' lang='lat' dir='ltr'><strong>habitaturos</strong></span> <span class='ocrx_word' id='word_1_516' title='bbox 2082 5591 2164 5648; x_wconf 92' lang='lat' dir='ltr'><strong>suos</strong></span> 
     </span>
    </p>
   </div>
   <div class='ocr_carea' id='block_1_6' title="bbox 1328 5699 2162 5804">
    <p class='ocr_par' dir='ltr' id='par_1_9' title="bbox 1328 5699 2162 5804">
     <span class='ocr_line' id='line_1_87' title="bbox 1328 5699 2162 5804; baseline -0.002 -31"><span class='ocrx_word' id='word_1_517' title='bbox 1328 5701 1385 5773; x_wconf 89' lang='lat' dir='ltr'><strong>in</strong></span> <span class='ocrx_word' id='word_1_518' title='bbox 1412 5699 1471 5776; x_wconf 94' lang='lat' dir='ltr'><strong>illo</strong></span> <span class='ocrx_word' id='word_1_519' title='bbox 1499 5707 1665 5794; x_wconf 88' lang='lat' dir='ltr'><strong>tempore.</strong></span> <span class='ocrx_word' id='word_1_520' title='bbox 1693 5702 1857 5780; x_wconf 83' lang='lat' dir='ltr'><strong>llaecest</strong></span> <span class='ocrx_word' id='word_1_521' title='bbox 1885 5701 1973 5776; x_wconf 85' lang='lat' dir='ltr'><strong>visio</strong></span> <span class='ocrx_word' id='word_1_522' title='bbox 1992 5718 2096 5804; x_wconf 73' lang='lat' dir='ltr'><strong>qnam</strong></span> <span class='ocrx_word' id='word_1_523' title='bbox 2115 5699 2162 5772; x_wconf 84' lang='grc' dir='ltr'><strong>ιι-</strong></span> 
     </span>
    </p>
   </div>
   <div class='ocr_carea' id='block_1_7' title="bbox 0 0 2302 6452">
    <p class='ocr_par' dir='ltr' id='par_1_10' title="bbox 0 0 2302 6452">
     <span class='ocr_line' id='line_1_88' title="bbox 0 0 2302 6452; baseline 0 3"><span class='ocrx_word' id='word_1_524' title='bbox 0 0 2302 6452; x_wconf 95' lang='lat' dir='ltr'><strong> </strong></span> 
     </span>
    </p>
   </div>
  </div>
 </body>
</html>
