4594 6452
874 295 916 310 -
943 261 1005 330 iii
1033 299 1075 315 -

108 421 201 482 αὐτοῦ
241 415 350 506 νόμον,
371 406 573 490 ἀποδοθείσης
605 421 689 496 αὐτῷ
719 425 777 491 τηε
807 415 941 510 cuiue,
1028 413 1166 509 iia-:spor
1189 426 1229 496 ιις
1259 409 1351 497 δόξαν
1373 431 1428 488 τοο
1451 431 1511 488 τον
1541 425 1619 490 ελον
1634 433 1721 504 ,θεοῦ
1753 429 1846 514 ωρο-

106 526 283 617 ἀγόιλλεται
305 529 359 594 καί
380 537 499 619 γαυριᾷ.
523 524 679 592 Ἐντεῦθεν
702 528 756 592 καί
777 534 850 616 ἡμῖν
882 533 935 593 αύ·
1027 538 1150 618 μοῦντες
1170 529 1367 622 συνίγραψαν,
1388 541 1475 623 ἡμεῖς
1500 527 1537 600 δὲ
1568 537 1619 602 επὶ
1641 535 1698 608 τὴν
1721 541 1846 602 ἀκολου.
1956 557 1964 566 ·
2049 501 2063 516 ’

104 651 167 714 τοῖς
188 641 405 731 πεπινσμίνον,
428 643 476 706 ότι
499 639 656 706 κάλλιστα
685 641 738 706 καί
771 641 936 730 ἀσφαλίσ-

1027 639 1094 706 θίαν
1115 653 1172 717 τῆς
1192 643 1386 734 προκειμάνης
1407 642 1537 738 ίστυρίας
1558 645 1652 712 πάλιν
1675 645 1728 712 τόν
1755 645 1848 737 λόγον

106 773 192 816 τατα
226 751 306 841 ἔχειν
339 759 421 840 ημᾶς
450 749 578 817 ἅπαντα
608 751 811 830 συνέστηκεν,
839 753 937 820 όπότε
1026 741 1201 846 ἀγάγωμόν.

106 855 158 928 διοὶ
180 873 238 938 τῆς
269 863 404 942 τούτων,
427 871 488 928 τῶν
520 873 575 928 τοῦ
609 873 686 928 Θεοῦ
717 863 800 954 λόγω
830 868 935 935 λαῶν,

106 971 242 1063 καθαρᾶς
263 975 316 1042 καί
338 967 462 1064 δοκίμου
485 973 643 1064 θρησκείας
666 982 702 1041 ίκ
724 987 782 1050 τῇς
805 977 872 1068 περὶ
897 980 945 1042 τὸ.

106 1083 182 1150 θεῖον
205 1087 375 1174 συμφωνίας
388 1085 494 1152 πάντα
517 1093 558 1161 είς
583 1087 674 1152 αῦτθν
695 1088 823 1180 ἀγείρειν
840 1079 933 1164 ἄξιον.

106 1197 218 1262 Τούτου
232 1207 287 1263 τοῦ
309 1197 489 1289 καταλόγου
504 1207 563 1262 τῶν
586 1196 746 1288 ἀνθρώπων
770 1209 831 1264 τῶν
856 1205 934 1288 ἐμῶν

105 1309 367 1400 συνθεραπόντων,
390 1311 471 1403 λόγω
494 1304 535 1382 δὴ
557 1320 618 1378 τῶν
641 1320 834 1402 Χριστιανῶν·
859 1311 932 1402 ὑπὲρ

105 1421 164 1513 γάρ
178 1423 293 1488 τούτων
315 1431 332 1488 ό
354 1433 416 1498 πᾶς
437 1447 488 1513 μοι
512 1423 611 1514 λόγος·
634 1433 698 1498 πῶς
717 1426 770 1488 οίει
794 1444 833 1512 με
855 1413 932 1494 ἥδε-

104 1533 175 1598 σθαι
198 1535 361 1620 ἀκούοντα,
384 1536 461 1600 όταν
484 1537 538 1602 καί
561 1527 782 1625 τός’[ίερσίδυς
796 1535 839 1600 τά
856 1534 932 1626 κρά-

105 1669 197 1712 τιστα
219 1651 432 1725 ἀπιπλείστον,
455 1645 553 1736 ὥσπερ
577 1645 641 1712 ίστι
665 1669 715 1734 μοι
740 1647 932 1736 βουλομένῳ,

108 1769 279 1848 κοσμῇταις
303 1760 354 1822 Σοί
376 1781 413 1822 τε
444 1752 514 1836 οὖν,
536 1765 575 1834 ῶς
607 1757 690 1824 ἀτε5
712 1750 866 1850 πρεπῶδες
888 1760 932 1826 τοὶ

105 1870 260 1936 κάλλιστα
289 1870 386 1959 νίμειν
408 1843 556 1945 ἑκείνοιξο
579 1871 784 1948 ἑπιντύσειας,
806 1863 932 1962 ύπάρξοι

106 1981 247 2056 ὡσαύτως
268 1981 311 2046 τοὶ
334 1981 500 2060 κάλλιστα,
522 1983 549 2057 ό,
572 2005 604 2046 τι
627 1981 845 2048 σίν-κάκεῖνοι.7
870 1983 931 2048 Ού-

105 2114 164 2166 τως
178 2091 237 2182 γὰρ
260 2083 334 2167 ἕξεις
356 2093 408 2156 τόν
423 2102 483 2158 τῶν
506 2095 584 2158 όλων
610 2083 763 2169 δεσπότην
787 2097 840 2160 καί
856 2096 931 2162 Θεόν

106 2211 220 2292 πρᾷον,
245 2204 332 2268 ίλεων
367 2205 419 2269 καί
453 2211 571 2294 εῦμενῆ.
597 2205 727 2296 Τούτους
752 2217 930 2298 τοιγαροῦν,

106 2305 211 2384 ἐπειδὴ
242 2324 385 2390 τοσοῦτος
414 2312 459 2396 εί,
482 2318 529 2382 σοί
558 2317 772 2408 παρατίθημι,
795 2321 842 2384 ότι
878 2321 931 2386 καί

106 2427 241 2508 ε’νσεβείᾳ
271 2431 418 2520 ίπίσημος
448 2426 493 2506 εί,
525 2423 698 2521 ἐγχειρίζων
730 2431 788 2501 τάν
815 2432 930 2498 τούτων

106 2529 350 2628 διακυβόρνησιν,
372 2549 639 2636 τῶήιπανῶν
666 2543 767 2634 λόγω,
790 2555 853 2620 τοῖς
874 2555 931 2619 τῇς

106 2657 146 2724 είς
166 2650 220 2715 τόν
243 2651 318 2716 Θεὸν
342 2651 501 2742 θρησκείας
524 2655 660 2737 εὐσεβοῦς
683 2661 713 2720 ὲν
738 2663 839 2731 αὐτοῖς
853 2679 941 2746 προ-ι

106 2761 292 2828 στατεύουσι·
314 2765 440 2841 τούτους
462 2764 575 2856 ἀγάπα
599 2759 747 2856 ἁρμοδίως
769 2777 826 2843 τῆς
855 2791 926 2834 σαυ·

105 2884 159 2940 τοῦ
182 2875 412 2967 φιλανθρωπίας.
429 2889 536 2961 Σαυτῷ
550 2879 587 2944 τό
609 2879 668 2970 γιὶρ
688 2881 741 2944 καί
763 2887 834 2970 ημῖν
850 2889 924 2948 ἀπε-

105 2989 268 3077 ρίγραπτον
291 2979 380 3053 δόισει
402 2982 455 3054 διά
478 3001 535 3065 τῇς
557 2992 686 3065 πίστεως
708 2991 884 3082 τὴνχάριν.

137 3099 308 3170 Τοσαύτην
331 3108 347 3164 ό
363 3100 405 3166 τοὶ
427 3101 532 3168 πάντα
548 3101 667 3193 ἄριστος
692 3103 832 3185 βασιλεύς
847 3113 930 3170 ίίων-

106 3219 262 3284 σταντίνος
283 3219 344 3276 τῶν
367 3217 398 3276 εν
420 3223 461 3300 τῇ
485 3219 526 3288 είς
556 3215 683 3304 Χριστόν
713 3217 848 3299 εὐσεβείᾳ
879 3240 927 3283 κο·

107 3323 279 3411 σμουμίνων
294 3329 425 3390 ἐποιεῖτο
440 3319 596 3417 φροντίδα,
611 3333 645 3392 οῦ
667 3327 756 3416 μόνον
779 3337 838 3394 τῶν
852 3337 929 3400 ὑπη-

106 3433 182 3498 κόων
214 3433 464 3525 ίπιμελούμενος,
488 3439 573 3504 ἀλλά
604 3441 658 3504 καί
686 3449 746 3505 τῶν
775 3441 825 3530 ὑφ’
840 3439 928 3532 ίτερα

108 3556 251 3636 σκῆπτρα
273 3549 440 3614 τελούντων
463 3557 503 3625 είς
526 3543 651 3640 δύναμιν
680 3551 928 3642 προμηθούμενος.

110 3657 166 3720 Διά
188 3665 280 3722 τόῦτο
302 3659 355 3722 καί
379 3663 469 3736 αύτός
483 3673 540 3738 τῆς
562 3659 673 3728 όνωθεν
696 3661 777 3740 θείας
798 3657 927 3756 κηδεμο-

104 3769 168 3842 νίας
190 3767 362 3847 ᾰπήλαοσε,
378 3775 431 3838 καί
446 3772 569 3840 πάντων
584 3783 644 3838 τῶν
668 3780 699 3838 ἐν
714 3784 759 3856 τῷ
773 3771 929 3866 Ῥωμαίων
948 3803 956 3810 ·

106 3879 210 3969 κόσμῳ
233 3887 266 3946 οὐ
289 3883 349 3970 μὴν
374 3877 417 3960 δὲ,
440 3885 525 3952 ἀλλά
550 3887 603 3950 καί
617 3893 678 3950 τῶν
701 3878 857 3976 όαρόάρων
872 3887 929 3960 τοὶς

105 3991 190 4066 ἡνίας
212 3993 374 4083 κατέχων,
398 3995 495 4072 εὔνους
518 3991 583 4087 είχε
605 3995 674 4072 τούς
705 3996 855 4087 ἄρχοντας
876 4000 929 4064 καί

105 4103 295 4192 ἀρχομένους,
314 4107 367 4170 καί
389 4117 433 4190 τῶ
455 4113 573 4196 χαλινῷ
588 4117 643 4173 τοῦ
667 4115 760 4174 αὑτοῦ
782 4109 929 4198 νεύματος

103 4211 172 4302 μεθ’
192 4207 301 4292 ἡδονῆς
331 4216 530 4306 πειθομίνους.
555 4223 618 4284 Καί
648 4219 707 4311 γὰρ
730 4222 783 4285 καί
805 4230 833 4286 ui
856 4214 926 4312 όόιρ-

104 4317 191 4412 όαροι
213 4323 348 4404 ίκόντες,
371 4327 475 4393 λοιπόν
499 4321 582 4418 φόόῳ
605 4329 740 4420 πολέμου
763 4331 926 4422 κρατούμε·

105 4456 148 4497 νοι
171 4429 345 4516 ἐδούλευον,
368 4431 501 4516 δεδιότες
523 4441 576 4506 τόν
607 4444 825 4526 Κωνσταντίνω
853 4467 926 4534 συμ-

105 4545 243 4636 παρόντα
267 4549 351 4614 θεόν.
368 4559 535 4642 Πανταχοῦ
557 4553 615 4646 γάρ
634 4554 771 4644 τρόπαια
791 4558 927 4632 ἵσταντο,

104 4659 157 4720 καί
171 4661 324 4750 νικηφόρος
338 4670 355 4728 ό
370 4655 511 4740 βασιλεύς
525 4667 609 4732 κατὰ
625 4666 749 4732 πάντων
763 4657 925 4733 ίδείκνυτο.

105 4767 206 4834 Ἀλλά
220 4781 323 4838 ταῦτα
344 4773 408 4862 μίν,
422 4777 475 4840 καί
497 4777 587 4842 ἄλλοι
610 4782 749 4844 πλεῖστοι
765 4779 828 4844 ὅσοι
843 4785 925 4870 ἀκρι·

149 4973 224 5050 θὼς
247 4973 313 5052 ἅτε,
336 4979 394 5062 sic,
420 4987 579 5066 utsupra
604 4981 681 5068 Cap.
709 4981 759 5066 ix,
789 5001 820 5070 p.
847 4986 925 5080 {³52

105 5089 136 5170 b,
161 5105 277 5156 versus
303 5090 414 5158 iiuem.

148 5201 163 5246 ⁸
186 5195 451 5286 superscribitur
472 5203 613 5292 aliquid,
639 5207 729 5292 quud
752 5213 777 5272 ιι
805 5216 922 5294 posset

105 5312 181 5398 iugi,
205 5313 265 5382 sed
288 5313 427 5384 dubium
451 5325 513 5386 est.

149 5425 163 5470 ⁷
188 5425 243 5496 Sic
266 5425 381 5512 ruder,
405 5435 439 5496 οι
462 5428 496 5498 iu
519 5429 710 5500 auctoribus
735 5431 843 5502 uliutis
868 5449 925 5502 εο-

104 5553 169 5624 que
193 5555 232 5606 οε
254 5537 288 5606 in
311 5539 497 5626 Nicephuro
519 5541 609 5610 idem
637 5543 731 5612 iocus
756 5543 845 5613 vuriu
877 5545 925 5614 ui·

104 5653 220 5733 retur,
236 5651 327 5738 quud
348 5653 421 5722 aliis
443 5669 497 5723 mu
513 5653 718 5726 doctioribus
739 5657 924 5728 discutiun-

106 5763 187 5834 dum
210 5763 372 5852 relinquo.

153 5877 231 5962 cap.
248 5877 315 5948 xli.
336 5881 501 5964 socrates,
518 5881 543 5965 1,
559 5901 630 5966 ειν,
655 5883 861 5956 sozomenus
883 5885 926 5969 ii,

1419 945 1466 1002 ίΒ.

1026 1121 1116 1178 ΠΕΡΙ
1147 1121 1420 1198 murmurium
1452 1123 1530 1180 ΤΗΣ
1561 1123 1742 1181 ΑΔΕΛΦΗΣ
1769 1123 1848 1179 ΤΟΥ

1070 1233 1341 1290 ΠΔΝΕΤΦΗΜΟΥ
1378 1235 1566 1292 muium
1606 1234 1845 1300 ΚΟΝΣΤᾼΝΤΙ·

1070 1343 1168 1415 Nor,
1192 1345 1260 1401 ΚΑΙ
1284 1345 1363 1401 ΤΟΥ
1394 1347 1706 1404 ΠΑΡΑΤΕΘΕΝΤΟΣ
1730 1347 1845 1404 ΑΥΤίλι

1070 1449 1158 1514 uuP’
1173 1457 1301 1514 ΑΥΤΗΣ
1324 1457 1520 1514 ΑΡΕΙΛΝΟΥ
1544 1457 1829 1516 ΠΡΕΣΒΥΤΕΡΟΥ.

1067 1647 1106 1716 '0
1130 1651 1185 1740 μὲν
1207 1645 1257 1716 οὖν
1280 1650 1467 1728 πιστότατος
1489 1645 1629 1726 βασιλεύς
1652 1661 1851 1748 Rumam-⁶

1021 1785 1069 1836 νος
1095 1771 1151 1836 τῇς
1172 1771 1232 1826 τῶν
1263 1766 1429 1832 ἐκκλησιῶν
1460 1762 1574 1853 είρίηνης
1605 1761 1845 1854 προμηθούμενος

1021 1871 1078 1948 τοὶς
1099 1873 1213 1938 τούτων
1236 1863 1393 1962 φροντίδας
1416 1873 1500 1938 κατιὶ
1524 1875 1577 1940 τόν
1601 1875 1783 1952 ἀπόστολον,
1807 1883 1845 1950 ὡς

1021 1985 1171 2060 πολλάκις
1193 1985 1363 2074 εἰρήκαμεν,
1386 1991 1416 2050 ὲν
1439 1995 1479 2072 τῇ
1504 1983 1586 2076 ψυχῇ
1610 1987 1784 2076 περιόφερεν.
1807 1997 1844 2052 Οί
1984 2025 1991 2030 -

1022 2088 1059 2162 δὲ
1079 2107 1133 2162 τοῦ
1157 2093 1254 2162 δοκεῖν
1278 2106 1360 2188 ίερεῑς
1382 2097 1548 2188 λεγόμενοι,
1571 2097 1635 2162 όσοι
1657 2097 1715 2168 τὴν
1730 2093 1844 2188 Ἀρείου

1021 2209 1123 2291 λόιβην
1137 2200 1336 2285 εἰσεδέξαντο,
1352 2215 1470 2298 ἠρεμεῖν
1485 2216 1539 2274 οῦκ
1554 2211 1719 2298 ἠνείχοντο,
1731 2209 1842 2274 ἄσπον-

1021 2307 1073 2380 δον
1083 2315 1136 2380 τόν
1148 2315 1233 2380 κατὰ
1243 2325 1300 2390 τῆς
1311 2313 1458 2392 ἀληθείας
1469 2309 1686 2406 ἀναδεξάμενοι
1699 2317 1843 2407 πόλεμον,

1020 2429 1160 2502 ποικίλας
1169 2425 1313 2516 μηχανὰς
1327 2427 1412 2492 κατὰ
1427 2433 1483 2504 ’τῇς
1494 2427 1581 2518 ὀρθῆς
1593 2429 1840 2518 ίπιτεχνώμενοιί

1020 2539 1156 2612 πίστεως.
1180 2539 1380 2621 Κωνσταντίςι
1403 2538 1462 2631 γάρ
1484 2549 1525 2626 τῇ
1550 2532 1669 2630 ἀδελφῇ
1694 2551 1748 2606 τοῦ
1779 2539 1842 2606 θεο-

1020 2654 1121 2739 φιλοῦς
1135 2643 1283 2726 όασιλίως
1297 2653 1539 2732 Κωνσταντίνου,
1553 2662 1677 2748 γαμετῇ
1702 2655 1843 2744 γεγονυίᾳ

1019 2771 1074 2833 τοῦ
1088 2763 1214 2845 ἀσεβοῦς
1224 2763 1382 2839 inaurium*
1396 2759 1433 2840 ίις
1447 2765 1500 2830 καί
1515 2763 1679 2854 ἔμπροσθεν
1694 2763 1843 2854 ἀρνύσθη-

1019 2875 1102 2964 μεν3
1124 2875 1233 2957 συνίβη
1257 2881 1288 2946 ὲν
1311 2877 1471 2966 συντυχίᾳ.
1484 2875 1624 2968 γενίσθαι
1647 2869 1845 2967 πρεσβύτερόν

1019 3009 1088 3052 τινα
1109 2985 1260 3076 ὁμόφρονα
1282 2996 1341 3052 τῶν
1364 2997 1421 3062 τῇς
1435 2983 1548 3078 Ἀρείου
1564 2982 1762 3078 βλασφημίας
1777 3011 1842 3052 κοι-

1019 3109 1123 3178 νωνῶν,
1148 3099 1247 3178 θῶπα,
1271 3099 1442 3192 ἀκροθίνιον,
1457 3102 1590 3192 τούνομα
1614 3101 1765 3168 Εύτόκιον.
1782 3103 1843 3168 Καὶ

1019 3211 1061 3278 τά
1083 3213 1137 3302 μὲν
1160 3222 1266 3302 πρῶτα
1288 3209 1479 3302 προσεφθύρη
1502 3214 1562 3277 τισὶ
1585 3220 1644 3278 τῶν
1667 3203 1724 3288 τῆς
1755 3223 1841 3278 Κων-

1019 3327 1165 3400 σταντίας
1187 3321 1385 3414 θεραπευτῶν·
1410 3325 1522 3389 αὐτίκα
1554 3315 1589 3388 δὲ
1611 3325 1664 3390 καὶ
1695 3330 1775 3412 αὐτῇ
1800 3337 1840 3412 τῇ

1020 3437 1219 3518 Κωνσταντίρι
1241 3443 1281 3512 είς
1303 3431 1367 3522 όψιν
1390 3435 1522 3526 ίρχεται.
1547 3437 1609 3501 Καί
1632 3429 1672 3507 δὴ
1696 3439 1842 3512 πλείστης

1019 3552 1091 3626 όσης
1105 3550 1176 3640 πρός
1191 3555 1287 3626 αὐτῆς
1309 3548 1496 3614 ἀπολαύων*
1519 3551 1686 3640 παρρησίας
1701 3557 1775 3638 ὁμοῦ
1790 3551 1844 3614 καί

1020 3655 1200 3750 κηδεμονίας
1220 3655 1273 3726 διὰ
1287 3670 1347 3726 τῶν
1370 3660 1553 3752 συχνοτίρων
1576 3669 1740 3750 συντυχιῶν
1755 3668 1842 3751 προῦ-

1020 3773 1108 3864 χὼρει
1131 3780 1220 3854 αύτῷ·
1236 3775 1289 3838 καί
1312 3779 1332 3843 η
1356 3775 1422 3864 περί
1436 3769 1549 3864 Ἀρείου
1572 3771 1643 3860 πρός
1667 3771 1762 3842 τίη-ὴν
1777 3779 1841 3860 όμι-

1019 3886 1082 3950 λία.
1099 3885 1257 3974 θαρρήσας
1279 3876 1314 3951 δὲ
1336 3885 1441 3954 λοιπόν
1456 3875 1643 3976 συνήρπαζεν
1667 3884 1762 3956 αῦτὴν
1786 3875 1840 3950 διοὶ

1018 4005 1079 4061 τῶν
1101 4001 1272 4068 ἀπατηλῶν
1296 4004 1389 4062 αὺτοῦ
1412 3997 1528 4090 λόγων,
1551 4003 1589 4074 ύς
1614 3991 1738 4086 φθόνος,
1756 3997 1840 4085 φησί,

1016 4107 1105 4198 μόνος
1125 4107 1168 4172 τά
1198 4109 1282 4174 κατά
1304 4107 1419 4199 Ἀρειον
1450 4109 1624 4201 είργάσατο.
1648 4105 1773 4174 Ἔπτιθί
1806 4129 1842 4172 τε

1018 4219 1114 4292 αῦτάν
1137 4215 1188 4286 διά
1211 4221 1326 4286 τούτων
1350 4223 1484 4287 καὶτῶν
1507 4221 1651 4287 τοιούτων
1666 4223 1838 4290 ἀπατηλῶν

1017 4337 1111 4396 αίντοῦ
1132 4330 1276 4423 uirum
1296 4338 1335 4406 ῶς
1356 4331 1399 4396 τό
1423 4332 1525 4410 αῦτόι,
1548 4333 1640 4422 φησί,
1664 4341 1760 4422 φρονεῖ
1778 4315 1842 4396 ’καὶ

1017 4435 1155 4508 διδάσκει
1169 4439 1283 4534 ΙἈρειος
1305 4445 1412 4532 ὁμοίιος
1426 4433 1617 4533 Ἀλεξάνδρῳ
1631 4445 1684 4508 καί
1698 4453 1761 4517 τοῖς
1781 4441 1840 4506 ἀνά

1016 4555 1073 4626 τὴν
1095 4555 1268 4644 οίκουμίνην
1299 4554 1487 4628 ἐπισκόποις·
1501 4551 1543 4618 Ἠ
1574 4546 1609 4620 δὲ
1641 4555 1840 4618 Κωνσταντία

1016 4667 1172 4732 ἐπίστευσε
1194 4677 1257 4742 τοῖς
1279 4665 1449 4757 λεγομένοις
1472 4673 1551 4752 αὐτῇ
1575 4667 1649 4754 παρ’
1663 4671 1764 4742 αὐτοῦ,
1780 4667 1840 4754 μόι-

1016 4780 1108 4844 λιστα
1131 4777 1290 4844 ἀκούσασα
1312 4779 1385 4868 παρ’
1401 4785 1494 4844 αὑτοῦ
1517 4777 1667 4868 ὁμόφρονα
1690 4773 1765 4842 τίναι
1788 4779 1840 4844 τόν

1017 5003 1117 5066 τινα,
1135 4979 1357 5052 Theudoritus
1380 4983 1419 5066 u,
1443 5000 1489 5066 ru,
1512 4981 1730 5069 Nicephorus,
1753 4983 1838 5066 viii.

1017 5115 1108 5178 κινιι,
1133 5095 1283 5164 Ruffiuus
1307 5097 1332 5178 1,
1358 5117 1400 5164 κν.

1063 5207 1074 5252 ¹
1100 5205 1212 5276 Codex
1236 5207 1359 5294 aliquid
1383 5223 1502 5292 passus
1526 5213 1578 5276 est
1601 5207 1635 5276 iu
1659 5223 1756 5290 νοεο,
1780 5205 1840 5274 sud

1017 5317 1097 5388 suis
1120 5327 1210 5390 ceria
1234 5327 1296 5390 usi.

1062 5433 1233 5500 ὀινιιννίον
1249 5433 1370 5524 surius,
1385 5441 1424 5504 ut
1439 5449 1539 5520 supra
1553 5449 1624 5520 rap.
1638 5435 1707 5518 vii,
1724 5433 1800 5502 flue,

1062 5545 1075 5588 ³
1100 5545 1207 5632 supra
1223 5563 1293 5632 cap.
1311 5549 1378 5629 vii,
1394 5545 1460 5616 une
1470 5571 1480 5628 ;
1504 5553 1538 5615 οε
1553 5547 1587 5616 in
1604 5545 1725 5616 Gelasii
1742 5547 1835 5614 Cum.

1017 5659 1088 5726 uu.
1114 5657 1252 5726 concilii
1275 5659 1408 5728 Niuuuui
1433 5661 1457 5744 1,
1483 5679 1534 5742 ιιι,
1562 5681 1591 5728 ιι.

1062 5769 1147 5838 ‘siu
1163 5787 1239 5840 cum
1253 5795 1270 5834 υ
1287 5772 1319 5840 iu
1335 5789 1460 5858 rasura,
1476 5772 1645 5842 sonuerat
1660 5769 1838 5854 ἀπολαβόν.

1063 5883 1077 5928 ⁵
1101 5883 1212 5954 Codex
1236 5883 1337 5976 λόγον.
