4690 6406
154 427 207 495 ue.
221 441 246 488 o.
275 427 313 488 ut
335 410 552 488 interueniret
574 429 636 478 rea

274 532 364 601 tanao
388 533 423 596 et
445 524 579 592 sunno
603 521 652 590 io·

274 643 356 732 seph
381 637 538 728 quoniam
562 635 649 704 obii·

276 765 330 826 tus
353 761 406 824 est

179 877 221 944 ib
240 875 277 939 tt
300 869 334 938 iu
354 867 412 936 iiio
437 872 589 948 tempore
615 877 704 931 som·

271 985 375 1055 niauit
397 983 487 1051 iarao
513 979 641 1050 somnia

268 1098 336 1167 duo
361 1097 394 1164 in
419 1101 518 1163 nocte
544 1111 607 1161 una
633 1107 734 1178 prop-

271 1217 322 1280 ter
344 1209 464 1278 tamena
481 1223 565 1292 quae
591 1203 681 1274 iutu-

270 1339 306 1390 ra
329 1327 401 1390 erat
425 1335 528 1403 super
530 1367 606 1385 .......

270 1443 401 1504 terram·
431 1435 470 1500 et
494 1449 654 1517 experge-

268 1548 373 1616 iaotus
397 1545 438 1614 de
463 1560 590 1640 somno·
605 1560 666 1612 uo

268 1660 355 1728 cauit
380 1656 559 1726 uniuersos
584 1656 635 1723 in-

267 1780 451 1860 terpraetes
476 1770 625 1840 somnio·

266 1904 340 1956 rom
364 1885 540 1974 quierant
564 1885 596 1952 in
620 1901 695 1970 reg·

266 2017 310 2070 uo
333 2019 404 2070 suo·
432 2007 466 2068 et
490 2005 679 2086 praecanta-

264 2123 346 2182 tores
370 2121 404 2182 et
427 2112 584 2180 indicauit
608 2110 646 2180 ii-

264 2226 690 2295 &mmmmm

264 2347 446 2426 potuerunt
469 2339 517 2407 iiii
534 2339 634 2407 inter-

264 2460 412 2539 praetare
435 2452 564 2522 somnia
590 2451 662 2522 eius

241 2567 332 2633 Tunc
356 2573 564 2634 memoratos
588 2572 640 2635 est

263 2679 419 2765 princeps
443 2677 608 2747 oinituso-

263 2807 337 2858 rom
363 2789 480 2876 iosepb
505 2795 539 2858 et
563 2787 688 2858 iudiea-

263 2901 312 2970 uit
335 2903 378 2972 de
401 2902 459 2972 itio
484 2901 554 2988 regi
574 2902 680 2971 tarao-

263 3014 297 3083 ui
321 3022 355 3083 et
379 3013 477 3084 eieoit
500 3031 578 3084 eum
603 3014 644 3086 de

162 3127 184 3192 t.
257 3128 483 3199 oinouiatorio
506 3136 542 3198 et
565 3147 642 3198 nar-

262 3241 348 3310 rauit
372 3242 406 3312 iu
430 3251 615 3328 conspectu

259 3355 333 3424 eius
358 3355 427 3423 duo
451 3353 580 3422 somnia
604 3408 611 3422 .
639 3409 645 3423 .
674 3411 679 3423 .
708 3411 714 3423 .

260 3467 523 3568 interpraetatus
547 3474 599 3536 est

258 3691 327 3762 duo
351 3693 479 3762 somnio
503 3711 602 3762 unam

261 3813 341 3874 sunt
364 3815 494 3893 septem
517 3813 629 3876 autem

259 3919 337 3988 anni
363 3920 512 3988 continui
534 3932 627 3988 unns

264 4033 296 4101 in
323 4051 458 4102 omnem
483 4040 606 4102 terram

262 4145 392 4231 aegypti
417 4145 578 4215 ubertatis

262 4265 298 4325 et
322 4265 452 4342 septem
475 4258 554 4326 anni
576 4257 671 4328 tamis
798 4265 805 4277 ·

260 4370 309 4438 sio
332 4369 397 4438 erit
420 4369 454 4438 iu
479 4387 612 4442 omnem

263 4487 387 4552 terram

240 4595 281 4662 Et
305 4613 393 4664 nuno
417 4595 549 4667 ordinet
572 4597 616 4666 ia·
720 4651 726 4662 .

265 4725 324 4776 rao
348 4711 576 4794 speculatores
598 4711 632 4780 in

264 4837 399 4890 omnem
423 4830 546 4894 terram
568 4841 620 4894 ao

264 4935 356 5020 gyon
378 4936 436 5022 qui
460 4947 663 5024 congregent

263 5063 359 5115 oseas
381 5065 443 5133 per
465 5049 611 5136 singulas

259 5159 413 5229 ciuitates
435 5169 471 5230 et
493 5172 654 5249 reponant

263 5289 320 5342 eas
343 5275 439 5344 annis
462 5283 592 5362 septem

264 5385 426 5455 ubertatis
449 5387 485 5456 in
507 5405 617 5458 eseam

263 5517 349 5585 quae
373 5499 484 5570 tutum
507 5508 560 5572 est
582 5517 659 5589 sep-

264 5621 332 5682 tem
356 5615 452 5684 anuis
477 5613 578 5686 tamis
597 5625 630 5684 ot

263 5743 331 5796 non
355 5727 462 5814 periet
486 5735 574 5798 terra

771 293 775 304 .
896 233 1076 300 -ii-

1008 417 1080 482 130.
1107 435 1136 483 o.
1162 435 1180 486 a
1204 416 1286 488 iacie
1309 417 1403 486 tamis
1428 417 1587 503 quoniam

1164 529 1344 602 uehemens
1368 531 1431 600 erit
1454 531 1526 626 uai-

1164 643 1205 711 de
1229 661 1331 730 super
1354 661 1487 712 omnem

1166 763 1288 824 terram

1141 870 1181 936 Et
1205 867 1295 938 dedit
1319 869 1401 938 deus
1426 869 1566 954 gratiam
1599 873 1651 940 io-

1163 981 1244 1068 seph
1269 991 1302 1051 et
1325 983 1516 1053 misericor-

1161 1091 1248 1162 diam
1272 1094 1306 1162 in
1330 1104 1512 1181 conspectu

1160 1204 1303 1275 faraonis
1328 1215 1361 1274 et
1384 1207 1466 1276 dixit
1489 1209 1534 1278 i-

1161 1336 1219 1387 rao
1236 1321 1348 1405 pueris
1372 1321 1442 1390 suis
1467 1341 1558 1390 num-

1160 1431 1238 1517 quid
1263 1435 1446 1518 poterimus
1471 1436 1564 1506 inua-

1161 1545 1231 1614 nire
1255 1547 1425 1617 bominem
1449 1567 1528 1636 pru-

1159 1657 1343 1740 dentiorem
1368 1669 1402 1728 et
1424 1663 1514 1748 sapi-

1158 1773 1322 1842 entiorem
1346 1792 1444 1860 quam
1471 1775 1523 1845 bio

1157 1893 1209 1954 est
1232 1886 1388 1972 quoniam
1416 1888 1554 1972 spiritus
1589 1891 1642 1972 dei

1155 2017 1230 2068 oum
1254 2000 1326 2085 ipso
1350 2007 1412 2070 est·
1436 2008 1470 2068 et
1495 2019 1553 2088 po·

1154 2113 1221 2180 soit
1245 2130 1322 2181 eum
1345 2115 1532 2184 secundum

1101 2225 1103 2230 '
1155 2243 1191 2294 se
1215 2225 1248 2293 in
1273 2225 1364 2294 omni
1388 2244 1491 2312 regno
1515 2245 1577 2296 suo

1154 2345 1188 2406 et
1212 2347 1411 2424 potestatem
1436 2339 1558 2410 baben·

1155 2459 1222 2518 tem
1247 2451 1280 2519 in
1305 2452 1395 2520 omni
1421 2464 1507 2520 terra

1153 2565 1293 2650 aegypu-
1317 2571 1351 2632 et
1376 2565 1523 2650 inposuit

1152 2693 1229 2744 eum
1252 2693 1354 2761 super
1377 2693 1513 2746 ourruru

1141 2790 1337 2858 secundum
1362 2791 1417 2876 qui
1442 2797 1513 2859 orat

1149 2899 1302 2972 turannis·
1328 2909 1360 2971 et
1384 2903 1491 2973 induit

1151 3034 1228 3098 epm
1251 3017 1344 3086 besto
1369 3017 1493 3086 bissina

1055 3181 1061 3196 .
1149 3136 1182 3197 et
1207 3131 1318 3216 posuit
1343 3138 1496 3216 torquem

1149 3261 1287 3310 aureum
1311 3243 1344 3310 in
1368 3245 1455 3312 oolio
1473 3242 1544 3312 eius

1148 3363 1181 3424 et
1205 3362 1493 3442 praeconauerunt

1147 3469 1182 3537 in
1206 3475 1387 3554 conspectu
1412 3467 1484 3536 eius

1147 3583 1219 3652 elei·
1245 3589 1279 3650 et
1302 3581 1426 3650 babirei
1451 3589 1485 3651 et
1509 3597 1569 3667 po-

1147 3697 1214 3766 suit
1237 3697 1373 3766 anulum
1397 3697 1429 3764 in
1454 3713 1552 3764 manu

1148 3806 1229 3876 eius·
1257 3809 1296 3874 ut
1320 3804 1514 3893 praeposuit

1148 3935 1225 3986 eum
1248 3935 1351 4004 super
1374 3935 1508 3987 omnem

1148 4031 1285 4114 dpmum
1308 4049 1404 4099 suam
1427 4039 1461 4100 et
1484 4047 1575 4116 mag-

1146 4142 1293 4212 nifioauit
1316 4161 1394 4212 eum
1418 4151 1451 4212 et
1475 4143 1556 4214 dixit

1145 4271 1212 4322 non
1238 4263 1270 4324 te
1295 4257 1490 4341 praecedam
1513 4273 1576 4343 ego

1145 4369 1208 4436 nisi
1232 4369 1352 4437 tbrono
1377 4387 1453 4438 meo
1477 4375 1550 4438 tan-

1144 4481 1328 4550 tummodo·
1353 4490 1386 4551 et
1410 4483 1535 4570 aceepit

1145 4605 1345 4682 potestatem
1370 4599 1485 4686 ioseph
1557 4587 1563 4600 ’

1145 4710 1178 4778 in
1205 4691 1308 4779 totam
1334 4715 1454 4802 tetram
1478 4729 1531 4780 ae-

1144 4823 1235 4908 pypti
1261 4825 1301 4890 Et
1324 4823 1451 4892 dilexe-

1145 4942 1223 5002 runt
1247 4954 1324 5004 eum
1349 4953 1465 5004 omnes

1144 5047 1311 5134 principes
1334 5047 1477 5118 iararrnis

1141 5167 1177 5227 et
1199 5161 1288 5228 serui
1312 5160 1393 5230 eius·
1418 5169 1452 5230 et
1475 5177 1548 5230 om·

1143 5293 1203 5344 nes
1226 5275 1384 5344 iacientes
1409 5293 1534 5362 opera.

1143 5389 1231 5475 rogis
1256 5389 1411 5477 quoniam
1437 5389 1470 5458 in
1495 5407 1551 5458 uo-

1143 5501 1240 5572 ritate
1264 5501 1452 5572 ambulabat

1141 5622 1178 5684 et
1201 5633 1268 5684 non
1292 5623 1363 5686 orat
1387 5615 1419 5684 iu
1445 5615 1537 5686 iilum

1143 5729 1299 5826 superbia
1322 5736 1357 5800 et
1378 5729 1487 5802 extoi-
