4690 6406
496 149 890 251 tututttttt
938 149 1191 250 ttttttt
1238 147 1511 249 tuttsts

148 341 246 404 naa.
309 343 343 402 et
367 335 563 404 inhabitauit
584 335 653 404 iilis
1034 333 1130 396 (tte.
1167 332 1208 398 Et
1231 331 1354 399 tartum
1377 335 1429 398 est
1452 329 1484 398 iu
1511 347 1593 417 qua·
1704 409 1706 414 ,

146 452 218 516 11111
306 449 399 516 annis
423 448 556 516 duobus
1191 440 1401 527 drageusimu
1425 449 1459 510 et
1482 442 1590 528 prime

285 564 324 627 tlt
348 559 516 645 promouit
540 560 617 630 inde
1193 553 1324 624 iubeleo
1348 571 1435 622 anne
1460 553 1557 622 tertio

306 673 337 739 iu
363 679 513 742 austrum
537 689 644 759 usque
668 673 727 764 ba·
1193 667 1453 736 ebdomadarum
1477 665 1544 752 pri-

307 783 398 851 haiet
422 789 455 851 et
478 783 563 851 tarta
586 790 638 852 est
1192 783 1236 850 mi
1261 797 1418 850 reuersus
1444 780 1553 849 estin

306 897 401 966 tamis
424 915 527 984 super
551 905 673 966 terram
1190 895 1303 965 iurum
1326 895 1416 963 hune
1438 901 1473 963 et
1497 893 1593 962 obtu-

305 1019 338 1078 et
362 1009 442 1078 abiit
465 1011 580 1079 abram
604 1010 637 1078 in
659 1028 715 1080 ae·
1192 1008 1229 1075 tit
1254 1007 1517 1076 elueaustomata
1609 1081 1619 1104 ⁶

307 1129 444 1208 gyptum
468 1139 555 1190 anne
580 1122 678 1191 tertie
1191 1127 1225 1187 et
1248 1119 1419 1188 inuocauit
1442 1119 1476 1186 in
1501 1134 1564 1186 no·

221 1305 223 1310 ,
308 1233 484 1318 septimani
508 1239 542 1300 et
565 1233 656 1302 inha-
1191 1231 1280 1300 mine
1304 1231 1430 1299 demini
1455 1235 1491 1298 tu
1515 1246 1552 1297 es
1575 1228 1658 1297 teus
1683 1245 1740 1296 er-

305 1345 424 1412 hitauit
447 1346 479 1412 in
505 1353 627 1414 terram
1192 1344 1301 1412 celsus
1325 1344 1408 1412 deus
1432 1359 1528 1410 meus
1552 1342 1586 1409 in

306 1456 435 1540 aegypti
460 1455 605 1541 utrinque
629 1458 723 1525 anuis
1190 1457 1321 1524 saecula
1345 1455 1556 1524 saeculorum

306 1569 497 1654 priusquam
521 1585 656 1654 rapere·
1168 1569 1210 1634 Εῑ
1234 1568 1267 1634 in
1292 1585 1335 1635 uo
1360 1573 1478 1653 quarto
1503 1566 1607 1652 septt-

270 1686 359 1770 *tur
381 1697 467 1748 uror
490 1679 595 1770 ipsius
619 1680 660 1748 ab
685 1699 726 1748 ee
1190 1695 1363 1746 manarum
1387 1677 1486 1746 huius
1510 1695 1565 1746 se·
1615 1739 1619 1746 .

302 1801 335 1860 et
359 1799 475 1860 taneos
499 1791 616 1860 ciuitas
641 1809 697 1860 ae·
1192 1798 1326 1876 paratus
1350 1796 1402 1858 est
1426 1789 1497 1858 loth
1521 1790 1562 1858 ab

302 1905 391 1990 gyptt
416 1912 495 1972 tunc
519 1904 674 1974 aeditua·
1190 1903 1263 1988 ipso
1288 1909 1321 1970 et
1344 1900 1541 1970 inhabitauit

302 2023 335 2083 ta
358 2021 410 2082 est
433 2016 534 2084 aunis
552 2021 684 2100 septem
1189 2017 1338 2086 sodomis
1361 2023 1394 2085 et
1417 2017 1570 2085 homines

304 2135 381 2212 pest
404 2128 528 2196 cebron
613 2141 618 2150 ·
1190 2128 1375 2197 sodomitae
1398 2145 1517 2214 penea-

281 2242 321 2306 Et
344 2239 467 2307 tactum
491 2246 543 2308 est
568 2257 644 2308 num
936 2255 938 2260 ’
1192 2249 1282 2309 teres
1306 2245 1401 2308 erant
1425 2237 1523 2307 ualde

303 2350 468 2434 rapuisset
491 2351 581 2420 taran
606 2359 660 2420 sa-
1189 2361 1223 2422 et
1245 2338 1360 2438 iniqui'
1373 2351 1407 2418 in
1424 2348 1581 2419 serdibus

304 2479 373 2530 ram
399 2479 538 2531 uxorem
561 2464 675 2533 abram
1187 2465 1256 2533 suis
1280 2469 1420 2550 prepter
1444 2461 1536 2547 quud

301 2575 547 2660 quaestiunauit
571 2578 728 2646 deminus
1184 2583 1358 2664 separatus
1381 2581 1434 2645 est
1457 2574 1529 2642 leth
1595 2643 1604 2660 ,

301 2686 468 2756 faraonem
492 2693 526 2756 et
550 2690 687 2758 domurn
1187 2689 1275 2758 titius
1299 2688 1412 2758 fratris
1437 2687 1489 2756 sui
1513 2687 1555 2754 ab

301 2797 373 2866 eius
397 2800 649 2885 quaestionibus
1188 2819 1228 2870 eo
1250 2819 1293 2872 eu
1318 2802 1409 2888 quen
1432 2817 1500 2868 nen
1524 2807 1619 2868 erant

302 2911 431 2995 magnis
454 2919 594 2999 propter
676 2906 678 2912 ’
1187 2915 1235 2984 itti
1258 2915 1316 2982 titii
1341 2913 1527 3000 eaptiuatus
1551 2919 1604 2980 est

223 3076 229 3088 .
302 3039 409 3090 saram
432 3041 573 3094 uxorem
598 3025 710 3094 abram
1109 3083 1115 3096 .
1185 3027 1619 3112 tuthabipsu·1nquar-

209 3171 217 3190 ·
303 3143 336 3202 et
360 3143 440 3205 tuns
463 3137 577 3206 abram
601 3139 675 3223 giu·
1186 3147 1222 3207 tu
1246 3145 1358 3208 autem
1382 3155 1469 3208 anne
1494 3155 1572 3224 sep·

302 3248 443 3318 ritiuauit
466 3251 592 3320 diuitiis
617 3253 686 3320 uel·
1186 3249 1301 3318 timani
1325 3249 1423 3318 huius
1447 3249 1568 3318 iuuetet

302 3361 343 3428 de
368 3361 523 3432 omnibns
547 3361 666 3430 ouibus
691 3372 724 3430 et
1185 3361 1290 3446 ipsius
1313 3361 1396 3428 dixit
1420 3360 1503 3428 deus
1527 3361 1569 3428 ad
1593 3361 1705 3430 abraru

302 3475 410 3543 bubus
434 3481 468 3544 et
491 3475 592 3544 asinis
617 3485 650 3544 et
1186 3473 1282 3542 eteua
1306 3473 1421 3542 oeulos
1446 3479 1523 3542 tuos

303 3588 437 3657 camelis
460 3597 494 3658 et
517 3590 611 3676 equis
636 3598 669 3658 et
1186 3587 1229 3655 de
1252 3587 1327 3655 luco
1351 3587 1408 3656 ubi
1432 3585 1531 3656 sedes
1556 3595 1591 3655 tu

302 3701 409 3770 seruis
433 3707 468 3772 et
491 3701 619 3770 ancillis
1185 3701 1228 3769 ad
1251 3717 1406 3768 occasum
1430 3706 1464 3768 et
1486 3699 1565 3770 atri-

301 3823 439 3898 argento
463 3820 496 3882 et
519 3831 577 3882 are
602 3814 675 3882 ual-
1186 3819 1320 3882 sumet
1344 3812 1509 3882 orientem

301 3925 342 3993 de
365 3925 489 3996 etenim
512 3931 545 3994 et
569 3925 639 3994 teth
1185 3933 1220 3996 et
1243 3925 1506 4010 septentrionem

303 4037 371 4106 titio
394 4037 506 4106 tratris
529 4037 581 4106 sui
605 4054 641 4104 e·
1186 4037 1344 4126 quoniam
1368 4053 1501 4106 emnem

304 4155 377 4218 rant
400 4149 536 4218 diuitiae
560 4151 600 4218 ut
625 4149 698 4216 red·
1186 4159 1309 4221 terram
1332 4167 1419 4237 quau
1444 4157 1481 4218 tu
1505 4149 1554 4216 ui-

303 4259 386 4330 didit
408 4261 499 4330 taran
523 4277 630 4330 saram
1185 4263 1245 4332 des
1270 4261 1329 4331 tihi
1352 4269 1387 4331 et
1409 4261 1527 4330 semini
1548 4269 1608 4330 tun

304 4389 444 4442 uxerem
468 4372 581 4444 abram
605 4373 678 4440 uiro
1185 4373 1272 4444 dabo
1297 4391 1371 4443 eam
1390 4373 1425 4442 in
1449 4373 1580 4444 saecuta

304 4500 365 4552 suo
389 4489 423 4552 et
447 4483 544 4554 eiecit
567 4502 644 4552 eum
1185 4492 1219 4555 et
1242 4503 1364 4571 punam
1389 4501 1503 4554 semen

305 4593 347 4662 tle
369 4602 458 4664 terra
480 4598 610 4683 aegypti
1185 4604 1280 4667 tuum
1303 4599 1389 4667 sieut
1412 4599 1537 4668 harena

305 4713 338 4774 et
360 4707 514 4794 peruenit
539 4709 571 4775 in
596 4707 705 4776 locutu
1184 4711 1285 4779 maris
1309 4711 1433 4780 etenim
1457 4727 1571 4780 semen

303 4819 361 4888 uhi
383 4821 501 4892 fluerat
524 4821 635 4890 taber-
1185 4831 1280 4892 tuum
1304 4841 1372 4892 uon
1396 4837 1534 4893 enume-

304 4934 460 5008 naequm
482 4951 581 5003 suum
604 4935 638 5001 in
916 4991 924 5006 .
1184 4935 1322 5004 rabitur·
1347 4937 1390 5004 Et
1413 4939 1450 5002 tu
1474 4949 1533 5002 ex-

304 5045 421 5134 primis
444 5045 478 5115 in
502 5046 612 5116 terum
636 5047 684 5114 at·
1185 5067 1325 5135 surgens
1349 5047 1527 5136 perambu-

304 5157 378 5226 tarii
397 5175 480 5244 agge
503 5159 545 5228 ad
568 5159 679 5226 orien-
1185 5159 1216 5228 la
1240 5159 1449 5229 latitudinem
1473 5159 1545 5227 eius

304 5269 347 5340 tis
370 5277 500 5358 partem
522 5279 556 5339 et
579 5271 665 5340 netet
1185 5279 1220 5340 et
1242 5271 1320 5340 uide
1344 5271 1500 5340 uniuersa
1524 5269 1600 5354 quia

304 5399 436 5452 amare
458 5391 493 5452 et
516 5384 684 5454 benedixit
1186 5382 1304 5452 semini
1328 5390 1386 5452 tuo
1409 5381 1496 5452 dabo
1521 5397 1596 5450 earn

305 5495 475 5568 deminum
499 5497 598 5565 deum
623 5515 720 5566 suum
745 5497 801 5582 qui
1163 5497 1205 5564 Et
1227 5495 1307 5565 abiit
1330 5495 1443 5566 abram
1466 5495 1499 5562 iu
1524 5511 1579 5562 ee-

305 5613 473 5684 reuneauit
497 5629 573 5682 eum
598 5613 630 5680 in
655 5626 715 5696 pa·
1186 5609 1271 5680 brun
1295 5615 1329 5680 et
1351 5605 1547 5678 inhabitauit

698 5717 736 5768 ce
1421 5717 1425 5726 ⁴
