4690 6406
496 407 549 471 tte.
563 425 592 472 a.
652 421 751 490 quem
775 404 961 474 aedidrauit
984 423 1045 492 pa-

654 523 705 583 ter
729 516 800 583 eius
826 523 858 584 et
883 515 1021 584 inunda-

653 627 702 694 uit
726 627 917 697 innomine
941 627 1065 697 domini
1091 635 1124 695 et

654 739 810 808 maetauit
833 739 959 808 hostias
984 741 1049 810 den

652 849 807 918 abraham
831 851 1010 936 patrissui

652 969 685 1028 ut
708 962 864 1031 foderuut
888 970 1027 1048 puteum

651 1080 685 1138 et
708 1075 908 1142 inuenerunt
930 1091 1050 1160 aquam

652 1185 762 1252 uiuam
787 1191 820 1252 et
841 1185 999 1254 foderunt

652 1299 772 1366 iterum
796 1305 933 1383 puteum
957 1299 1058 1367 alium
1162 1335 1165 1340 ·

650 1409 745 1493 pueri
769 1409 836 1476 isar
860 1416 894 1477 et
917 1427 984 1478 non
1008 1411 1060 1477 in-

652 1529 816 1590 uenerunt
840 1541 958 1608 aquam
982 1529 1016 1592 et

651 1634 860 1701 aduenerunt
882 1641 916 1701 et
939 1651 1025 1702 nun-

649 1746 817 1814 tiauerunt
840 1745 907 1812 isan
930 1762 971 1813 en
996 1745 1086 1829 quod

649 1874 716 1923 nnn
741 1857 948 1926 inuenissent

647 1986 765 2052 aquarn
790 1975 822 2036 et
847 1968 929 2036 dixit
951 1968 1020 2035 isar

646 2089 783 2166 propter
805 2081 896 2166 quud
918 2081 1025 2150 iuraui

562 2185 567 2196 '
646 2193 679 2258 iu
704 2192 758 2260 die
780 2193 843 2260 ista
867 2193 979 2260 diistin
1003 2191 1068 2258 iae

512 2323 519 2332 ·
646 2309 699 2369 tus
724 2309 775 2369 est
799 2302 896 2370 nobie
920 2320 991 2370 ser·

645 2431 700 2480 mn
725 2413 778 2480 bie
801 2420 835 2482 et
859 2414 991 2482 notauit
1016 2431 1075 2480 ne

643 2542 720 2592 men
744 2525 809 2592 iuri
834 2525 921 2592 iilius
946 2531 1040 2610 pute-

644 2653 684 2702 us
707 2635 879 2706 iurationis
903 2636 1019 2723 quoni-

644 2763 697 2814 am
721 2745 787 2814 illie
810 2749 931 2816 iurauit
955 2750 1023 2818 abi-

643 2861 749 2928 melec
772 2869 806 2928 et
829 2861 941 2928 nenzia
966 2879 1021 2928 sn

631 2971 729 3046 ,dalis
752 2971 840 3039 illius
864 2979 898 3040 et
921 2971 997 3038 deni

562 3133 568 3146 .
642 3081 797 3166 princeps
821 3083 975 3150 emeritus

643 3192 748 3278 ipsius
771 3199 804 3261 et
828 3193 985 3306 cognouit

527 3309 529 3320 '
644 3305 711 3374 isan
734 3305 767 3373 in
792 3305 845 3374 die
869 3305 924 3376 ilia
948 3324 1029 3392 qun-

643 3419 1085 3490 niam....n...iu-

644 3529 729 3596 rauit
751 3531 807 3599 ille
831 3532 938 3601 intere

643 3643 816 3728 cumipse
840 3661 956 3728 pacem
980 3653 1014 3712 et

643 3753 811 3822 maledixit
834 3755 901 3823 isar
924 3755 958 3824 iu
982 3756 1037 3822 die

644 3865 698 3930 ilia
721 3865 835 3932 fiiistin
859 3872 892 3932 et
916 3865 997 3932 dixit

641 3975 837 4043 maledictus
859 3975 972 4043 filistin

642 4087 675 4152 in
701 4085 754 4153 die
777 4087 844 4154 irae
868 4086 1031 4174 etindig-

642 4197 783 4265 nationis
808 4198 958 4268 emedio

643 4311 791 4376 omnium
815 4311 962 4394 gentium

643 4419 700 4487 det
723 4420 817 4486 iiiunr
841 4421 924 4489 deus
946 4422 980 4488 in
1004 4425 1129 4508 obpro-

641 4531 752 4600 brium
776 4537 809 4598 et
832 4531 866 4598 in
889 4531 1045 4600 maledie-

644 4653 710 4710 tum
734 4643 824 4712 etin
849 4644 997 4729 indigna·

501 4823 514 4854 ·
600 4809 605 4820 .
643 4755 734 4823 tione
758 4755 806 4824 ire
829 4756 863 4825 in
886 4773 1018 4826 manum

643 4870 825 4952 peccatoris
848 4870 968 4956 pupuli·

643 4988 677 5047 et
698 4979 732 5046 in
756 4998 856 5048 manu
878 4982 972 5048 cattin
996 4991 1028 5049 et

643 5091 787 5160 eradicet
810 5109 887 5160 eum
911 5109 1017 5178 popu-

642 5201 695 5270 lus
718 5203 826 5272 iustus
850 5203 883 5271 in
906 5202 1028 5274 iudicio

643 5313 685 5383 de
708 5311 776 5384 sub'
795 5317 887 5386 eaelo
911 5319 1048 5403 quoni·

643 5443 696 5494 am
718 5427 841 5497 inimici
866 5437 899 5498 et
923 5447 1003 5498 rnn-

602 5573 606 5582 ·
644 5539 722 5606 trari
745 5548 823 5608 sunt
846 5540 923 5608 titiis

643 5650 726 5718 meis
750 5649 784 5718 in
807 5653 1073 5736 generationibus

1271 225 1383 322 ...30
1408 259 1450 274 ..

1379 405 1475 473 ibn.
1539 406 1607 474 suis
1631 411 1872 490 superterram

1540 525 1573 585 et
1597 535 1663 586 non
1687 515 1916 602 derelinquen-

1539 628 1665 696 tureis
1689 627 1844 712 reliquiae
1869 635 1903 696 et

1541 741 1629 808 salus
1653 740 1815 810 eeuadens
1839 741 1873 810 in

1541 853 1593 919 die
1618 853 1686 920 irae
1711 851 1822 920 indidi
1845 851 1908 920 sed
2016 894 2023 911 x

1541 965 1578 1036 in
1599 963 1821 1050 perditionem
1974 947 1978 956 ’

1540 1086 1573 1145 et
1598 1077 1790 1145 extermini-

1541 1205 1597 1255 um
1620 1195 1658 1256 ut
1681 1188 1848 1257 auferatur
1871 1205 1890 1256 a
1914 1189 1959 1256 ia·

1541 1301 1590 1368 cie
1614 1307 1724 1368 terrae
1748 1306 1857 1368 tntum

1540 1429 1654 1480 semen
1679 1411 1894 1480 biistinnrum

1540 1521 1934 1592 mmmmm

1540 1653 1582 1702 ne
1606 1651 1728 1703 nomen
1752 1634 1906 1702 relietum

1540 1762 1642 1831 super
1665 1741 1788 1814 terram
1812 1752 1846 1812 et
1869 1731 1895 1812 si

1540 1856 1697 1924 ascendat
1720 1873 1826 1942 usque
1850 1856 1891 1923 ad
1915 1875 1989 1926 rae-

1541 1969 1609 2036 ium
1635 1968 1711 2036 inde
1736 1967 1922 2054 deponetur

1537 2085 1581 2176 et‘¹
1593 2078 1650 2146 ubi
1674 2079 1805 2164 fugiens
1829 2079 1892 2148 erit

1534 2193 1611 2259 inde
1635 2193 1804 2260 auferetur
1827 2201 1861 2262 et

1523 2305 1563 2406 ,si
1588 2303 1807 2372 occultauerit
1831 2321 1868 2372 ee

1537 2417 1570 2483 in
1593 2415 1704 2484 medio
1729 2418 1878 2501 gentium

1536 2524 1757 2596 eradicabitur
1779 2535 1813 2596 et
1836 2529 1864 2596 si

1533 2638 1716 2706 descendat
1738 2640 1774 2708 in
1797 2640 1898 2708 inier-

1534 2765 1613 2816 num
1636 2747 1682 2817 ibi
1705 2749 1885 2819 abundabit

1531 2858 1689 2926 iuditium
1712 2858 1785 2928 eius
1810 2869 1843 2930 et
1867 2879 1937 2930 non

1531 2971 1594 3038 erit
1618 2971 1648 3038 ei
1672 2970 1739 3040 iiiia
1763 2973 1871 3042 omnis

1446 3135 1451 3146 .
1529 3085 1668 3166 pax·,Et
1693 3084 1721 3152 si
1745 3085 1870 3154 uadens
1895 3085 1966 3154 abi-

1529 3193 1592 3260 erit
1615 3193 1649 3260 in
1674 3195 1902 3281 captiuitatem

1528 3306 1562 3371 in
1586 3321 1686 3372 manu
1711 3301 1860 3376 omnium
1884 3325 1985 3394 quae-

1528 3418 1671 3488 rentium
1695 3436 1772 3488 eum
1796 3420 1904 3489 anima

1527 3529 1599 3597 eius
1624 3537 1657 3597 et
1681 3529 1714 3598 in
1738 3531 1849 3602 medin
1873 3533 1922 3600 in-

1529 3642 1613 3710 ierni
1637 3643 1770 3714 interiet
1792 3653 1827 3714 et

1436 3787 1439 3794 λ
1529 3773 1596 3822 nnn
1621 3755 1684 3823 erit
1707 3756 1771 3841 ipsi
1795 3774 1908 3826 semen

1516 3873 1563 3934 ·et
1586 3885 1709 3936 nomen
1732 3869 1767 3936 in
1791 3871 1882 3938 omni

1531 3987 1619 4047 terra
1643 3981 1801 4066 quoniam
1823 3983 1878 4050 in'

1528 4089 1740 4160 maledictum
1764 4101 1873 4194 aeter-

1527 4221 1608 4272 num
1631 4205 1734 4274 abibit
1756 4207 1832 4292 quia

1527 4315 1574 4383 sie
1598 4317 1833 4402 scriptumest
1857 4328 1889 4388 et

1527 4429 1756 4512 consignatum
1780 4431 1900 4500 aduer-

1526 4553 1586 4604 sus
1610 4537 1703 4606 illum
1727 4540 1761 4608 in
1786 4542 1906 4610 tabulis

1529 4649 1612 4718 eaeli
1636 4658 1673 4718 ut
1697 4651 1824 4720 batilli
1847 4653 1880 4720 in

1527 4763 1581 4830 die
1605 4763 1717 4831 iudicii
1740 4770 1777 4832 ut
1801 4765 1909 4834 eradi-

1526 4882 1660 4944 cetura
1684 4877 1766 4946 facie
1790 4885 1896 4948 terrae

1367 4989 1454 5059 XXV
1501 4993 1542 5058 Et
1566 4991 1597 5058 in
1623 5008 1710 5059 anno
1734 4993 1884 5062 secundo

1527 5102 1786 5186 septimanarum
1808 5104 1871 5172 bu·

1528 5212 1579 5280 ius
1604 5213 1725 5280 iubelei
1748 5215 1881 5284 uocabit
1915 5239 1917 5244 ·

1504 5323 1664 5392 'rebecca
1687 5324 1792 5398 titium
1817 5345 1915 5396 suuur

1528 5435 1620 5504 iacob
1645 5445 1678 5504 et
1702 5437 1812 5508 intuta
1835 5447 1887 5506 est

1527 5547 1568 5614 ad
1592 5567 1668 5616 eum
1692 5549 1806 5618 dieens
1830 5557 1905 5618 nate

1527 5659 1595 5726 noli
1619 5679 1751 5732 sumere
1770 5661 1853 5732 tibi·
