4690 6406
922 253 1125 318 ..5p....

1055 435 1104 499 ill.
1136 451 1167 498 α.
1194 433 1480 500 circumcisionem

1192 547 1225 612 in
1250 563 1347 612 cruce
1372 545 1545 630 suspendit

1169 663 1249 726 Narn
1275 666 1431 726 necantes
1456 666 1526 726 lur-

1192 775 1306 862 queltit
1331 779 1363 840 et
1388 773 1522 841 tradidit

1195 885 1273 951 duci
1298 885 1428 953 uinctos
1452 886 1484 951 in
1510 904 1587 953 cus-

1195 998 1317 1065 todiam
1343 1005 1375 1064 et
1400 1015 1519 1092 uxores

314 1120 368 1174 tes·
379 1159 523 1174 .....
548 1125 620 1172 tam
645 1106 702 1172 itu-
1193 1126 1310 1175 eorum
1336 1107 1398 1176 diis
1422 1108 1590 1176 donabun-

315 1235 431 1286 ncrum
454 1223 616 1286 comesto·
1194 1230 1250 1288 tur
1274 1223 1437 1306 gentibus·

315 1349 366 1398 res
390 1329 539 1398 dicentes
564 1345 600 1396 se
624 1331 698 1395 laec
1173 1337 1214 1401 Et
1238 1333 1296 1401 tilii
1322 1351 1438 1402 eorum
1462 1335 1556 1418 pueri

315 1447 413 1513 lacere
438 1453 576 1530 propter
599 1443 662 1511 mi-
1193 1447 1392 1516 secabantur
1415 1465 1432 1514 a
1456 1445 1593 1514 medicis

313 1559 526 1627 sericordiam
550 1579 593 1644 qu
619 1610 625 1624 .
653 1611 659 1624 .
687 1611 693 1624 .
990 1647 991 1652 ἵ
1193 1558 1288 1645 pueri
1312 1558 1469 1626 inducere
1493 1577 1542 1626 ac-

314 1689 349 1738 se
373 1682 401 1736 et
425 1670 622 1738 extermina·
1192 1673 1332 1742 resisum
1357 1673 1422 1740 illis
1447 1689 1522 1738 nam
1547 1671 1592 1738 illi

314 1791 402 1850 tores
427 1799 552 1868 quaeru
578 1835 585 1849 .
613 1835 619 1848 .
646 1835 653 1848 .
1196 1787 1229 1852 in
1255 1785 1302 1852 eis
1326 1784 1508 1868 punientur
1534 1782 1565 1848 in

217 1961 226 1982 ,
312 1897 444 1965 fallaces
467 1896 614 1964 celantes
638 1913 674 1964 se
990 1887 993 1894 '
1194 1895 1368 1964 tormentis
1393 1904 1425 1962 et
1448 1895 1524 1980 igne

316 2027 358 2076 ne
381 2015 520 2094 possent
544 2024 686 2092 cognos-
836 2047 845 2062 ·
1193 2015 1226 2076 et
1249 2009 1347 2076 terro·
1373 2016 1406 2076 et
1430 2023 1551 2092 cogen-

314 2121 341 2188 ci
366 2119 458 2212 impii
482 2119 516 2186 in
540 2118 667 2187 scelere
1197 2126 1252 2186 tur
1277 2120 1384 2205 pelam
1407 2120 1554 2188 baiulare

316 2233 405 2321 pleni
429 2241 462 2302 et
485 2233 658 2320 iniquitate
1195 2231 1282 2300 idola
1308 2249 1424 2300 eorum
1448 2232 1557 2318 inqui-

313 2349 353 2416 ab
378 2346 507 2414 oriente
531 2363 637 2431 usque
661 2346 702 2413 ad
1108 2407 1113 2418 ,
1196 2351 1272 2412 nata
1296 2344 1462 2431 quomodo
1485 2353 1563 2412 sunl

314 2465 520 2533 occidentem
544 2463 657 2532 dicen·
1194 2457 1319 2542 pariter
1343 2457 1513 2525 continen-

314 2585 365 2646 tes
390 2575 585 2646 habebimus
610 2575 678 2643 dis·
1194 2571 1282 2640 tibus
1307 2589 1345 2640 ea
1369 2580 1402 2640 et
1426 2591 1443 2639 a
1468 2579 1624 2658 torquen-

315 2689 502 2758 cubiticnes
526 2695 559 2755 el
583 2687 677 2776 lurp·
1196 2686 1284 2754 libus
1307 2686 1383 2753 illos
1406 2685 1530 2772 pariter
1554 2703 1611 2753 cc·
1662 2747 1663 2750 ,

316 2801 398 2868 riam
422 2799 560 2868 edentes
585 2805 618 2866 et
1195 2804 1316 2882 guntur
1340 2798 1463 2866 intrare
1487 2795 1548 2865 in‘

313 2913 468 2982 hibentes
1197 2911 1347 2980 abditum
1370 2911 1481 2979 locum
1506 2927 1564 2978 eu-

293 3026 334 3092 lit
353 3024 544 3112 putauimus
570 3041 632 3091 nos
913 3031 915 3036 ·
1196 3040 1281 3090 rum·
1306 3029 1525 3109 elongentur

226 3140 250 3204 l.
316 3145 483 3224 tamquam
508 3136 669 3222 principes
1127 3189 1133 3204 .
1197 3135 1339 3204 stimulis
1363 3136 1538 3204 blastema-

315 3252 450 3320 crimus·
475 3259 509 3320 ct
532 3269 649 3319 manus
737 3271 739 3274 ·
1197 3265 1233 3316 re
1259 3250 1400 3317 uerbum
1425 3257 1543 3318 contu-

316 3383 433 3433 eorum
457 3373 490 3435 et
513 3373 644 3436 mentes
1197 3361 1345 3430 meliose·
1370 3361 1552 3430 nouissime

315 3477 473 3546 inmunda
498 3485 675 3545 tractantes
1136 3545 1142 3549 ,
1197 3475 1378 3560 posthaec
1403 3475 1550 3558 elleges

315 3596 345 3657 ct
369 3607 407 3658 us
431 3607 548 3658 eurum
572 3590 690 3677 loque-
1197 3585 1287 3671 quod
1311 3585 1471 3654 haherent
1494 3601 1551 3653 su-

318 3709 373 3769 tur
395 3701 540 3786 ingentia
564 3709 598 3770 et
620 3721 675 3768 sc-
1198 3718 1257 3788 pre
1281 3700 1433 3769 altarium
1457 3717 1556 3768 suum

319 3830 379 3899 per
403 3813 513 3882 dicent
536 3815 602 3882 noli
628 3866 635 3880 .
662 3867 669 3882 .
698 3866 704 3881 .
732 3865 738 3880 .
1199 3819 1278 3882 tunc
1301 3811 1358 3880 illo
1382 3813 1512 3882 dicente
1536 3813 1598 3882 ho-

320 3939 416 4012 tange
439 3945 479 3994 ne
501 3927 651 4013 inquines
1198 3943 1253 3994 mo
1275 3925 1316 3994 de
1340 3925 1428 3995 tribu
1452 3925 1542 3994 leuui

316 4058 369 4110 me
394 4041 464 4109 loco
488 4040 524 4108 in
546 4059 605 4127 quo
630 4089 639 4109 .
665 4091 672 4107 .
700 4093 706 4106 .
733 4059 748 4108 s
775 4091 782 4106 .
808 4091 849 4105 ..
1200 4041 1294 4108 cuius
1319 4056 1442 4107 nomen
1467 4038 1530 4106 erit
1614 4063 1616 4066 ·

320 4209 328 4223 .
354 4207 360 4221 .
388 4207 394 4220 .
421 4153 450 4221 is
475 4153 497 4221 d
522 4203 767 4220 ........
1199 4161 1285 4221 taxo·
1316 4151 1372 4238 qui
1396 4151 1523 4219 habens
1548 4149 1610 4216 ·vii·

318 4285 357 4334 su
382 4317 527 4334 .....
550 4284 588 4332 us
613 4316 756 4333 .....
1197 4265 1283 4332 tilios
1308 4263 1421 4331 dicens
1445 4261 1487 4330 ad
1510 4277 1570 4332 cos

320 4377 352 4444 in
379 4429 661 4445 .........
1197 4350 1318 4462 rugans
1342 4375 1455 4444 uidete
1478 4374 1538 4442 iiiii

318 4509 351 4557 re
376 4543 384 4558 .
411 4543 419 4557 .
445 4543 452 4558 .
479 4543 487 4558 .
510 4491 584 4558 rani
611 4545 617 4558 .
645 4543 652 4558 .
680 4542 719 4557 ..
1197 4505 1273 4556 ecce
1297 4488 1381 4556 ultio
1405 4487 1489 4557 iacta
1513 4493 1585 4556 est.

319 4604 352 4671 in
374 4603 508 4689 piebem
532 4619 616 4688 quae
638 4621 655 4668 s
680 4655 686 4669 .
714 4653 720 4668 .
745 4620 767 4667 a
792 4655 798 4668 .
826 4654 832 4667 .
1197 4602 1230 4668 in
1254 4600 1352 4686 plebe
1376 4601 1478 4670 altera
1503 4617 1575 4668 cru-

319 4715 384 4783 illis
407 4725 436 4782 et
461 4767 468 4782 .
495 4767 502 4781 .
527 4725 560 4782 tc
585 4766 593 4782 .
619 4767 626 4782 .
651 4731 712 4782 ue·-
1197 4715 1280 4784 detis
1304 4715 1462 4784 inmunda
1486 4721 1519 4782 et

315 4827 385 4896 niet
408 4826 442 4894 in
468 4843 526 4896 eos
550 4826 633 4894 ultio
658 4838 686 4893 et
1198 4827 1361 4897 traductio
1384 4827 1457 4894 sine
1480 4825 1540 4892 mi·

315 4939 363 5008 ira
388 4957 473 5026 quae
497 4939 572 5008 talis
595 4955 664 5008 nun
1198 4937 1377 5008 sericordia
1400 4943 1434 5006 et
1458 4939 1540 5007 emi-

309 5051 372 5118 tuit
395 5051 429 5118 in
454 5051 562 5120 illisa
587 5052 722 5122 saeculo

313 5181 421 5250 usque
445 5164 487 5234 acl
509 5164 603 5232 illum
628 5171 712 5232 tenu

315 5293 378 5362 pus
402 5277 437 5344 in
461 5293 527 5362 quc
552 5276 689 5345 suscita·

314 5389 365 5458 uit
389 5388 455 5458 illis
479 5405 593 5475 regem
616 5405 732 5474 regum

317 5509 424 5571 terrae
448 5508 482 5570 et
505 5506 654 5588 potesta-

315 5621 383 5683 tem
406 5631 425 5682 a
449 5613 603 5701 potentie
621 5629 710 5699 mag-

315 5745 355 5796 na
380 5727 436 5815 qui
460 5725 656 5798 confitentes

1198 5058 1278 5120 nent
1302 5049 1523 5138 principatum

1199 5181 1282 5251 quae
1306 5164 1395 5234 enim
1419 5181 1500 5250 gens
1524 5171 1581 5234 aut

1199 5293 1284 5364 quae
1309 5277 1400 5364 regio
1424 5285 1481 5346 aut
1505 5278 1579 5364 quis

1198 5389 1343 5476 populus
1367 5389 1546 5478 impiorum

1072 5511 1078 5530 ·
1199 5504 1233 5570 in
1256 5503 1392 5572 domum
1416 5503 1472 5590 qui
1495 5504 1584 5572 mul·

1201 5627 1233 5686 ta
1256 5615 1396 5686 scelesta
1419 5617 1569 5686 iecerunt

1199 5731 1289 5794 tanta
1312 5723 1397 5794 mala
1421 5725 1510 5812 passi
1534 5732 1611 5796 sunt
