4690 6406
207 1631 223 1668 'i

177 1632 360 1744 (Αοιιιιιιιιιιὶ
371 1682 531 1741 Doctorum
546 1675 746 1741 Bibliothecae
761 1675 968 1738 harhrosianne

137 1773 262 1833 consilio
278 1782 420 1834 statutum
445 1783 498 1844 est,
511 1781 545 1832 ut
555 1788 592 1832 ex
606 1768 739 1851 ejusdem
754 1768 967 1847 manuscriptis,

140 1883 229 1942 opera
242 1862 501 1926 l‘rnedecessorum
512 1864 693 1935 continuate,
702 1862 878 1941 evulgentur
891 1860 969 1940 typis

142 1958 313 2018 domesticis
331 1967 406 2034 qtrae
425 1959 561 2016 scientias
581 1971 678 2015 sacras
696 1964 726 2014 et
744 1953 883 2034 profanas
901 1969 967 2031 pro·

141 2067 262 2110 morere
280 2051 408 2128 possint3
428 2067 487 2110 non
508 2049 624 2129 rejectis
643 2060 742 2110 tamen
758 2065 832 2126 quae
846 2043 965 2106 aliunde

142 2143 318 2220 conquirere
339 2141 432 2211 liceat,
450 2159 525 2218 qnae
545 2142 660 2202 illorum
679 2139 825 2218 sintpars
843 2147 872 2198 et
887 2154 966 2198 com-

138 2233 332 2313 plementum.
360 2233 482 2293 ineditis
509 2231 692 2292 documentis
716 2246 788 2306 opus
803 2225 965 2296 constabit,

140 2345 198 2385 nec
214 2327 275 2404 jana
295 2323 415 2404 prolatis
434 2324 490 2383 erit
510 2323 605 2394 locus,
628 2323 683 2383 nisi
708 2321 782 2395 lacte
806 2331 866 2381 tam
889 2319 964 2378 rnalc

137 2423 235 2495 operis
255 2420 354 2496 rrragni
374 2417 460 2496 pretii
480 2426 581 2476 carata
601 2414 688 2476 luerit
713 2412 813 2485 editio,
836 2423 868 2472 ut
895 2429 964 2491 perae

140 2511 320 2571 ineditorum
340 2513 469 2586 ipsorum
488 2507 675 2587 evulgatione
692 2507 730 2566 sit
749 2503 885 2566 habenda
901 2507 964 2576 ista,

138 2621 214 2680 quae
233 2601 457 2673 aliendieulum,
476 2601 609 2679 lapsuum
628 2617 747 2660 musam
766 2587 963 2676 frequentem,

139 2695 266 2766 adactis
286 2703 443 2754 maererent.

176 2789 328 2858 Laborem,
347 2799 379 2846 ut
398 2805 445 2846 res
464 2785 522 2846 lert
539 2796 570 2844 et
589 2785 818 2846 constitutiones
846 2796 964 2846 nostrae

139 2879 282 2952 indicant,
298 2879 337 2938 ita
352 2881 430 2940 inter
450 2896 501 2938 nos
521 2877 619 2956 partiti
639 2881 758 2950 suenus,
786 2889 820 2937 nt
842 2879 964 2954 quisque

139 2973 218 3050 quod
233 2971 289 3032 sibi
299 2971 393 3051 magis
405 2971 638 3043 accommodum,
648 2969 702 3030 hoe
713 2982 818 3031 sumat.
836 2973 900 3050 lpse
919 2971 963 3031 in·

140 3067 227 3126 terim
247 3065 362 3138 dicam,
390 3081 480 3141 quatu
505 3073 618 3142 partem
642 3063 799 3141 elegerim,
817 3061 885 3140 quial
902 3064 963 3142 jam

140 3159 338 3234 praernittam,
355 3157 427 3234 quid
446 3159 476 3218 in
496 3163 644 3234 posterum
663 3174 774 3236 parem.

178 3241 315 3309 Officium
333 3267 431 3310 arreum
453 3260 512 3320 cst,
529 3256 563 3308 ut
580 3247 729 3308 conseram
757 3249 789 3308 in
813 3248 962 3308 Collectio-

143 3361 211 3403 nean
232 3355 293 3402 turn
313 3360 386 3420 quae
405 3341 538 3419 rescripti
562 3343 675 3402 codices
702 3339 799 3419 graeci
826 3351 856 3400 et
878 3340 962 3400 latini

141 3437 214 3496 mihi
232 3437 355 3497 ollerent
374 3453 426 3515 pro
444 3438 549 3498 aer-iuri
571 3433 695 3516 juvenili
718 3435 867 3494 oculorum
892 3437 964 3505 acie,

142 3541 204 3590 turn
222 3547 297 3607 quae
315 3530 345 3588 in
365 3549 434 3590 russ.
451 3525 549 3589 lucinis
567 3530 786 3602 uetustissimis,
804 3529 915 3608 graecis
933 3539 963 3588 et

140 3621 331 3684 orientalibus
347 3621 462 3680 utiliora
475 3621 649 3699 pracsertim
664 3623 795 3682 scientiis
810 3621 964 3682 bibliciset

138 3714 341 3776 ecclesiasticis
360 3715 588 3792 deprehendam.
607 3715 761 3795 specimen
780 3713 888 3775 laboris
912 3733 963 3774 es-

140 3809 229 3868 lribeo
248 3809 278 3868 in
296 3808 352 3868 hoc
371 3808 516 3882 fasciculo,
533 3809 571 3868 de
589 3826 647 3885 qam
662 3809 723 3886 jam
742 3806 910 3866 dicendum.

175 3901 260 3975 Quod
270 3901 307 3960 ad
317 3901 481 3980 fragmenta
492 3900 583 3960 latina
595 3903 699 3960 attinet
707 3900 856 3977 Evangelii
866 3901 895 3960 S.
905 3901 962 3960 Ln-

138 4011 208 4065 oue,
222 3995 338 4054 Pareae
358 3998 475 4054 (lemeis
503 4004 529 4054 ct
547 3997 758 4071 atesunepte'onis
787 3995 902 4065 diocia,
931 3992 962 4052 id

138 4097 292 4164 praestant
308 4105 382 4164 quac
402 4087 505 4148 iisdem
520 4105 584 4146 sum
601 4087 758 4163 praeimus,
772 4097 802 4146 et
815 4088 861 4146 six
872 4103 962 4165 pauca

138 4177 259 4238 addam.
277 4181 310 4238 ln
327 4185 525 4256 nmurraptione
543 4180 629 4238 llasts
640 4183 742 4257 pagina
755 4178 818 4238 eod.
830 4181 868 4237 tte
880 4179 962 4262 ledit.

142 4273 201 4346 bil),
217 4285 359 4349 quantum
379 4291 459 4332 nuere
476 4275 613 4352 corrpieio,
633 4275 668 4331 iis
685 4290 760 4348 quac
786 4275 963 4350 praecedunt

139 4363 288 4436 cohaeret,
300 4377 329 4424 et
345 4377 413 4440 putu
427 4385 473 4425 nac
488 4383 547 4425 nun
562 4377 641 4424 reete
651 4367 797 4443 judicasse
809 4363 846 4424 de
859 4365 961 4424 lacuna

140 4457 293 4532 interjectu
309 4459 339 4518 in
356 4460 475 4536 iiscpme
491 4459 626 4537 praemisi
639 4477 703 4538 pag.
715 4459 759 4531 tt,
770 4471 799 4518 ct
814 4477 887 4536 qrrac
897 4457 963 4518 suh·

137 4549 199 4608 didi
214 4568 278 4628 pag.
290 4552 333 4608 tlt
345 4553 524 4629 Scripseram
540 4551 613 4610 haec
624 4571 692 4612 enan
705 4555 753 4614 vix
767 4565 899 4612 extrema
915 4571 962 4632 pe·

138 4643 227 4722 ginno
245 4647 282 4702 tis
299 4645 451 4722 legissent,
468 4655 497 4704 ct
513 4646 575 4705 lere
593 4644 780 4724 desperarem
799 4645 835 4705 de
858 4647 963 4704 ceteris

138 4737 290 4809 eruendis,
300 4739 377 4814 apuod
387 4739 505 4798 demum
515 4757 568 4818 pro
580 4740 714 4813 pilaribus
732 4753 882 4801 esseemus
897 4757 961 4802 sum

140 4847 193 4890 not
201 4835 300 4890 issima
318 4846 424 4893 conatu
443 4846 472 4893 et
488 4835 599 4896 iteratis
618 4835 757 4894 chemicis
776 4836 915 4896 subsidiis
932 4837 961 4895 iu

140 4927 204 5002 ipso
223 4927 358 4986 editionis
370 4939 452 5002 uctn3
463 4927 540 5004 qtred
550 4946 617 4988 cunr
632 4947 666 4988 ca
676 4929 782 4988 encratis
797 4929 962 4988 intensione

137 5021 260 5098 contigit
279 5033 307 5078 et
327 5022 434 5098 gaudie
452 5021 488 5078 de
509 5022 646 5096 lectione,
669 5036 700 5084 ut
718 5025 755 5081 de
774 5039 850 5082 nexu
866 5031 961 5080 matus

139 5127 194 5170 nee
212 5117 379 5192 cogitarent.
394 5115 434 5172 lix
450 5113 494 5174 ltis
506 5117 621 5194 corrige
635 5117 724 5175 etiarn
739 5133 814 5190 qnae
828 5115 865 5173 dc
879 5119 962 5190 quitt-

137 5221 269 5268 termune
285 5209 347 5268 disi
367 5229 432 5289 pag.
444 5211 519 5270 hid.
531 5211 620 5270 lutat
633 5229 747 5288 quoquc
761 5211 870 5270 addere
889 5227 962 5268 non·

138 5307 229 5378 nulla,
247 5325 321 5384 quac
339 5307 376 5366 de
395 5311 602 5383 rescriptorum
621 5308 754 5366 codicum
770 5305 863 5363 literis
882 5323 961 5365 resn-

136 5403 278 5463 seitandis
295 5403 394 5462 docuit
409 5403 520 5462 ueniens
539 5403 642 5462 Pensio
660 5419 694 5460 ex
716 5414 770 5458 suo
793 5399 898 5456 laarnru
917 5417 961 5458 re·

139 5513 207 5556 rum
227 5517 280 5558 usu
300 5495 460 5576 rraultipliei,
477 5505 508 5555 ct
525 5497 606 5556 utilia
621 5495 713 5556 doctis
727 5493 847 5552 luctasse
860 5507 959 5554 errent.

140 5593 272 5655 Tradidit
296 5599 375 5658 enim
404 5595 561 5673 diligenter
588 5587 761 5670 tnpmeada
790 5605 853 5648 esse
878 5592 959 5669 priua

1059 1674 1215 1736 atramenti
1235 1675 1395 1736 eorundem
1414 1677 1569 1750 elementa,
1587 1689 1620 1739 nt
1639 1697 1691 1757 pro
1710 1679 1815 1741 horum
1835 1680 1880 1740 di-

1059 1769 1196 1828 cersitatc
1215 1769 1259 1828 rel
1275 1767 1401 1829 efficacia
1415 1768 1557 1844 absolute,
1572 1773 1617 1832 rel
1631 1771 1792 1835 efficaciora
1807 1755 1880 1835 clre-

1059 1862 1133 1922 mica
1156 1861 1286 1923 subsidia
1311 1862 1517 1936 adhibeantur,
1534 1863 1621 1926 salvis
1641 1867 1763 1928 omnino
1788 1887 1881 1929 mern·

1057 1949 1168 2026 branis,
1178 1953 1255 2032 quand
1267 1953 1386 2032 quidem
1396 1955 1433 2016 de
1445 1975 1526 2017 more
1536 1976 1595 2018 non
1606 1957 1647 2018 sn.
1659 1959 1794 2021 Ostendit
1806 1981 1878 2040 quo·

1056 2048 1267 2125 quoquomodo
1280 2049 1468 2109 membranae
1478 2067 1514 2110 ex
1524 2055 1655 2128 unguine
1666 2071 1715 2112 eas
1729 2053 1880 2116 inliciente

1057 2140 1204 2200 interdurn
1225 2138 1386 2218 pellucidae
1404 2141 1507 2216 iactae,
1524 2160 1561 2202 ex
1578 2161 1637 2220 quo
1654 2143 1758 2206 duetus
1782 2146 1881 2208 litera-

1056 2249 1122 2292 rum
1141 2244 1330 2306 evanescunt,
1345 2235 1497 2310 pristinam
1513 2235 1879 2318 opacitatemreeuperent

1054 2334 1084 2384 et
1101 2325 1277 2404 scripturam
1294 2327 1398 2386 iterum
1413 2326 1545 2388 ollerunt.
1568 2327 1679 2388 Macrim
1695 2327 1815 2391 demum
1828 2330 1878 2390 do·

1053 2416 1108 2478 luit
1126 2435 1212 2494 saepe
1230 2417 1267 2478 de
1295 2417 1445 2478 nonnullis
1464 2418 1602 2479 subsidiis
1621 2419 1779 2495 chemicis,
1805 2441 1881 2500 quae

1053 2510 1141 2590 vulgo
1154 2523 1341 2591 usurpantur,
1356 2523 1386 2571 et
1400 2513 1557 2591 rescriptos
1573 2511 1686 2574 codices
1702 2513 1880 2576 labefactant

1054 2621 1145 2684 pauco
1163 2605 1302 2684 temporis
1320 2603 1484 2676 intervallo,
1495 2602 1573 2682 quod
1589 2605 1764 2666 accuratiori
1779 2624 1877 2666 recum

1051 2697 1218 2775 cognitione
1236 2699 1347 2758 evitare
1365 2695 1473 2757 liceret.

1088 2791 1175 2850 Plura
1194 2801 1296 2850 contra
1315 2798 1428 2868 oportet
1446 2786 1590 2848 disserere
1609 2787 1646 2848 dc
1662 2801 1744 2866 parte
1756 2791 1877 2868 Syriaca

1052 2901 1089 2944 cx
1104 2881 1218 2944 delectu
1232 2883 1476 2964 l‘rulegomendn,
1490 2899 1564 2960 quiae
1578 2884 1713 2942 universa
1730 2883 1879 2944 illustrent

1052 2993 1127 3054 quae
1146 2977 1239 3037 textui
1257 2975 1443 3056 ejusdemque
1461 2975 1583 3036 editioni
1604 2979 1782 3036 reicrnntur.

1087 3073 1159 3130 Cum
1180 3071 1277 3148 plnres
1303 3069 1372 3130 lihri
1391 3088 1442 3148 pue
1466 3069 1571 3129 stichos
1591 3069 1776 3142 scribantur,
1805 3087 1879 3146 quos

1052 3182 1169 3224 servare
1184 3165 1305 3224 unrninu
1322 3173 1445 3241 oportet,
1462 3181 1598 3240 cumque,
1616 3164 1639 3223 si
1661 3163 1691 3222 in
1710 3161 1774 3221 aliis
1790 3161 1879 3222 libris

1052 3259 1174 3317 vetustis
1194 3256 1223 3316 id
1243 3275 1302 3317 non
1323 3258 1422 3334 paucis
1447 3267 1565 3334 gratum
1584 3267 1646 3328 cst,
1669 3255 1815 3334 acceptius
1839 3259 1878 3315 sit

1051 3351 1183 3412 luterum
1203 3351 1350 3410 innostra
1370 3349 1524 3420 tersione,
1543 3349 1573 3408 in
1591 3367 1649 3426 qatn
1671 3357 1757 3408 natm
1775 3349 1880 3426 Orige-

1053 3441 1159 3502 nianee
1178 3442 1232 3500 lmc
1251 3443 1363 3502 ratione
1381 3439 1574 3502 evidentiores
1592 3439 1768 3514 ollcrnotnr,
1782 3453 1812 3502 et
1831 3461 1879 3503 er·

1053 3547 1102 3590 ror
1116 3525 1248 3592 codicum
1261 3531 1303 3590 sic
1316 3531 1464 3590 interdum
1476 3529 1658 3608 deprehendi
1671 3541 1774 3609 potest,
1783 3531 1880 3592 lineas

1054 3626 1128 3703 ipsos
1146 3625 1254 3684 codicis
1273 3623 1395 3696 retinui,
1417 3623 1484 3683 inlia
1503 3636 1532 3685 et
1560 3625 1711 3686 columnas
1735 3625 1879 3704 indicari,

1053 3731 1091 3789 et,
1109 3720 1133 3778 si
1153 3719 1291 3778 lectiones
1310 3729 1340 3778 ct
1358 3733 1442 3777 notes
1461 3717 1638 3797 marginales
1651 3721 1787 3796 excipias,
1801 3737 1879 3797 quas

1051 3811 1141 3872 editio
1165 3811 1283 3871 nonnisi
1304 3811 1487 3872 incommode
1506 3815 1633 3872 retinere
1652 3823 1803 3892 poterate
1831 3833 1877 3886 re·,

1050 3906 1138 3990 giune
1156 3917 1252 3966 textus
1270 3917 1299 3965 et
1314 3905 1440 3983 margini
1456 3905 1588 3966 interiori
1607 3903 1757 3984 adlegaui,
1779 3917 1877 3966 cetera

1050 4018 1164 4079 quoquc
1175 3999 1300 4080 litargini
1314 3999 1421 4060 codicis
1433 3999 1578 4075 adscripta
1592 4017 1707 4060 summa
1720 4002 1877 4061 severitate

1052 4096 1162 4154 retinui
1180 4112 1232 4154 suo
1250 4095 1371 4154 omniuo
1389 4093 1470 4166 loen,
1496 4094 1610 4153 etiamsi
1630 4112 1667 4153 ex
1689 4095 1813 4164 arbitrio
1833 4098 1880 4155 in-

1054 4187 1169 4248 tcrdnm
1195 4187 1294 4246 minua
1319 4187 1498 4246 aalamcnsim
1522 4187 1630 4264 scripta
1658 4197 1765 4247 essent.
1795 4187 1878 4260 Quae

1054 4282 1146 4342 attinio
1161 4291 1322 4340 exarantur
1336 4279 1396 4338 sice
1410 4279 1442 4338 in
1457 4289 1549 4350 testu,
1561 4279 1624 4338 siae
1639 4279 1669 4338 in
1685 4279 1879 4358 marginibus,

1051 4375 1231 4452 estranpleelo
1258 4371 1428 4432 charactere
1455 4372 1543 4444 dati,
1568 4383 1664 4432 cetera
1692 4377 1876 4434 acaroniticn.

1052 4467 1202 4526 lectiones
1220 4475 1251 4524 et
1269 4477 1352 4526 ootac
1372 4463 1511 4546 marginis
1530 4465 1604 4524 aliae
1622 4467 1794 4546 scribuntur
1810 4466 1878 4528 elen-

1052 4569 1166 4618 rnetere
1184 4559 1364 4637 estreaplrelo
1382 4577 1464 4638 pnro,
1483 4559 1557 4618 aliare
1575 4558 1745 4619 charactere
1765 4563 1879 4622 inullis

1048 4653 1110 4732 jum
1128 4652 1320 4725 currentiori3
1337 4669 1397 4710 uno
1415 4653 1476 4732 ipse
1492 4653 1662 4712 charactere
1686 4657 1878 4714 eotttroctioci

1053 4763 1121 4806 usus
1142 4745 1265 4805 indicari
1280 4747 1308 4804 in
1323 4747 1411 4818 notis,
1424 4748 1473 4806 uhi
1486 4745 1560 4805 alter
1573 4757 1776 4826 usurparetur,
1790 4765 1876 4824 qrrccn

1052 4839 1137 4898 titulo
1147 4839 1234 4898 medii
1243 4842 1303 4913 (m.)
1317 4839 1452 4917 insignivi
1461 4857 1471 4913 ·,
1480 4837 1681 4898 characterem
1693 4859 1761 4898 cero
1774 4858 1876 4900 earnm

1050 4931 1116 4992 dice
1129 4923 1272 5004 dubium,
1289 4933 1408 5009 quando
1427 4930 1538 5003 literae,
1555 4948 1629 5008 quae
1650 4933 1679 4990 in
1700 4931 1757 4990 illis
1770 4949 1876 4992 occnr·

1050 5037 1130 5100 runt,
1147 5037 1217 5086 sunt
1230 5024 1350 5085 onmem
1364 5025 1394 5084 in
1410 5023 1580 5084 charactere
1594 5023 1793 5102 estrangbclm
1805 5037 1834 5084 et
1845 5027 1875 5084 in

1049 5111 1207 5198 althrojam
1218 5117 1256 5174 ab
1265 5133 1301 5176 eo
1311 5119 1341 5177 in
1351 5117 1420 5176 uilia
1428 5116 1611 5178 deflectente.
1619 5123 1718 5178 Cetera
1730 5137 1803 5195 apinae
1814 5119 1876 5196 typi

1049 5209 1160 5270 rcicrre
1171 5227 1229 5269 non
1246 5221 1376 5286 possunt,
1390 5221 1422 5270 ut
1435 5211 1642 5282 correctiones,
1655 5229 1779 5282 rasuras,
1790 5231 1876 5288 peeca-

1050 5302 1138 5364 liorcs
1148 5303 1258 5363 indices
1274 5305 1457 5364 remittentes
1467 5304 1504 5364 ed
1514 5305 1653 5364 lectiones
1664 5317 1693 5364 ct
1705 5319 1787 5364 arettas
1800 5325 1877 5364 anm·

1051 5398 1140 5476 ginis,
1148 5410 1177 5460 et
1189 5397 1256 5470 elie,
1270 5399 1300 5458 in
1317 5401 1392 5460 notis
1409 5401 1499 5477 tetigi.
1510 5399 1586 5460 Nihil
1597 5421 1667 5458 sane
1679 5401 1762 5459 utensi
1780 5412 1811 5460 nt
1826 5401 1875 5458 dac·

1048 5513 1113 5554 rem
1126 5507 1234 5556 tettcnn
1246 5493 1419 5554 referentem
1430 5495 1552 5556 otttuino
1563 5497 1702 5570 codicem,
1712 5507 1740 5552 et
1750 5497 1774 5553 si
1786 5511 1874 5572 qnam

1046 5584 1165 5650 laudern
1180 5607 1267 5666 spero
1282 5603 1518 5663 coraseeuturum,
1531 5595 1603 5650 haec
1617 5591 1673 5648 erit
1685 5605 1721 5645 ex
1738 5607 1773 5648 en
1789 5605 1875 5666 spatam
