4594 6452
877 219 1077 288 -ίθίί-

120 401 218 473 μαχσν,
238 381 394 448 κενοῦντες,
415 376 455 446 ὡς
477 375 579 450 είπεῖν,
595 368 648 434 καί
672 367 769 440 αὐτὴν
783 367 841 442 τήν
863 381 933 462 γῆν,

120 497 164 560 καί
183 486 328 580 κονιορτὸν
343 479 514 560 θάλλοντες
537 489 577 558 είς
591 481 645 548 τόν
662 482 748 573 ἀέρα,
771 484 845 550 κατ’
856 485 931 550 ἐκεί·

119 631 174 680 ειυς
192 601 258 677 τοὺς
288 597 374 664 κατά
404 607 460 662 τοῦ
491 594 570 662 θείου
602 596 777 662 ἀποστόλου
809 595 932 664 Παύλου

119 718 186 788 ποτὲ
205 705 373 806 κράζοντας
395 711 449 802 καί
471 708 630 801 λέγοντας·
653 710 756 800 Αίρετε
784 693 875 776 αὐτόν
900 715 932 776 ἐν

119 829 206 918 τάχει·
220 832 256 891 οὸ
269 824 329 916 γάρ
346 819 475 892 καθήκει
493 819 585 886 αὐτὸν
601 810 685 896 ζὸνῑ.
702 815 792 886 Ἀλλ’
804 831 831 886 οί
846 821 931 912 παρὰ

119 951 164 1008 τοῦ
184 935 331 1012 άασιλέως
345 935 403 1006 τήν
419 944 476 1010 τῆς
499 924 640 1009 εὐταξίας
655 931 794 1024 πρόνοιαν
810 957 931 1000 πιστόν·

119 1053 216 1136 θέντες,
237 1025 293 1116 τόν
314 1046 402 1139 φόνον
425 1045 591 1114 ἐκώλυσαν.
607 1035 856 1135 Ἐξαρπάσαντες
871 1045 933 1138 γάρ

118 1165 162 1230 τόν
181 1159 346 1252 νικηφόρον,
361 1159 415 1224 καί
429 1156 563 1247 σκάφους
577 1155 719 1240 ἐπιβῆναι
734 1157 929 1248 παρασκευά-

119 1299 222 1354 σαντες,
242 1272 301 1344 τήν
323 1271 474 1360 σωτηρίαν
497 1259 710 1359 προὸξένησαν.
733 1266 773 1334 '0
799 1261 833 1335 δέ
857 1267 932 1348 θεῖος

118 1385 284 1460 ’λθανάσισς
297 1382 407 1466 ἐπιβάς
417 1390 472 1448 τοῦ
487 1380 628 1472 σκάφους,
643 1383 693 1447 ἐπί
709 1382 746 1448 τό
762 1383 930 1474 στρατόπε·

120 1497 163 1568 δον
181 1500 315 1589 ὥρμησεν
337 1496 474 1590 ἐκφυγὼν
493 1505 554 1562 τῶν
569 1495 732 1588 μιαιφόνων
746 1496 804 1572 τάς
818 1507 931 1588 χεῖρας.

120 1613 197 1680 λὸτοί
219 1603 254 1676 δέ
275 1617 315 1685 ὡς
337 1603 429 1700 είχον,
444 1609 495 1674 ἐπί
513 1608 567 1674 τόν
591 1608 757 1700 Μαρεόιτην
772 1609 857 1686 τινάς
871 1619 931 1676 τῶν

120 1724 274 1814 ὁμοφρόνων
297 1720 479 1796 ἐπισκόπους
501 1719 699 1800 ἀπέστειλαν,
723 1719 863 1812 θεόγνιον
877 1721 931 1788 τόν

119 1837 243 1914 Νικαίας,
257 1833 354 1924 Μάριν
375 1823 586 1910 Χαλκηδόνος,
603 1823 756 1922 Θεόδωρον
771 1832 823 1898 τδν
837 1829 930 1923 Ἠρα·

118 1949 263 2028 κλοιὸτην,
284 1958 343 2023 τῆς
373 1945 495 2038 Θράκης
526 1945 714 2035 Νάρκισσον,
736 1945 789 2010 τδν
817 1947 931 2012 Κίλικα

120 2059 292 2150 θίιρσάιεισν,
314 2059 370 2124 καὶ
392 2058 504 2133 ἄλλους
525 2057 610 2147 τιγάς
632 2056 703 2132 τοὺς
734 2063 832 2124 αὐτῶν
860 2056 930 2147 ὁμό·

118 2173 247 2262 φρσναςῦ,
266 2173 317 2238 ἐπί
332 2180 378 2254 τῷ
393 2169 478 2236 κατοὶ
494 2167 687 2259 μονομέρειαν
702 2160 809 2260 πρᾶξιν
825 2167 933 2246 αὐτοὺς

20 2345 21 2348 ,
117 2283 332 2374 ὑπομνημάτων
354 2289 451 2348 ἐκεῖσε
473 2281 559 2347 κατά
573 2277 755 2346 Ἀθανασίόυ
778 2281 931 2354 συστήσα·

118 2394 186 2462 σθαι·
207 2403 225 2460 ὁ
248 2389 283 2460 δέ
306 2395 472 2486 Μαρεώτης
495 2399 526 2460 ἐν
550 2403 591 2480 τῇ
607 2385 823 2485 Ἀλεξανδρεία
842 2395 933 2482 ἐστίν,

118 2507 258 2598 ὁγιόνκνμος
271 2515 329 2582 τῆς
343 2507 451 2597 λίμνης
474 2507 600 2596 Μαρίας,
615 2507 746 2578 πλησίον
770 2513 865 2584 αὐτῆς
883 2509 932 2576 ὤν·

117 2619 309 2710 ἐντειλάμενοι
341 2625 463 2699 αὐτοῖς,
485 2627 524 2695 ὡς
549 2617 690 2708 τάχιστα
721 2605 775 2684 καί
797 2619 850 2686 τόν
869 2630 932 2686 ’τῶν

116 2743 209 2798 κακῶν
231 2731 378 2804 αὐθέντην
393 2729 509 2826 Ιἰἰρειον
532 2735 653 2797 στεῖλαι
676 2731 748 2822 πρὸς
771 2731 879 2810 αὐτοὺς
893 2740 934 2809 είς

116 2844 165 2916 τήν
193 2846 320 2923 Αίλίαν,
350 2845 436 2910 τοῦτ’
461 2842 543 2910 ίστιν
573 2849 614 2918 είς
642 2841 686 2907 τά
715 2839 932 2934 Ἰεροσόλυμα,

116 2961 202 3022 ἐκεῖσε
216 2957 279 3024 ἀπό
293 2966 351 3033 τῆς
375 2955 467 3046 Τόρου
484 2945 669 3046 ἐξορμάσασι
693 2952 745 3018 σὺν
767 2965 831 3028 τοϊς
845 2959 876 3020 ἐν
890 2964 933 3042 τγίΙ

115 3059 219 3152 συνόδῳ
233 3067 417 3143 ἐπισκόποις·
431 3065 490 3140 τήν
510 3067 570 3160 γάρ
586 3057 708 3132 σόνοδον
725 3063 853 3133 ἅπασαν
869 3066 933 3134 ἀπδ

115 3187 163 3254 τῆς
184 3180 276 3270 Τόρου
304 3181 356 3246 ἐπί
385 3179 428 3246 τά
449 3176 647 3270 Ἰεροσόλυμα
672 3177 826 3246 συνελθεῖν
849 3177 932 3270 μετά

116 3300 168 3354 πλν
198 3291 342 3357 ἀπάντων
369 3299 386 3357 ὁ
417 3290 558 3374 βασιλεὺς
589 3290 837 3381 σίιταντσιχόθεν7
863 3298 931 3358 ἐπι·

116 3415 227 3468 σκσπων
241 3403 294 3468 καί
309 3396 393 3479 αὖθις
407 3403 636 3494 παρηγγύησεν,
651 3402 690 3480 σἰς
712 3427 763 3494 μοι
785 3405 838 3470 καί
861 3403 932 3495 πρό·
968 3477 971 3486 ,

20 3533 22 3540 ⁴
116 3535 193 3612 τερον
208 3513 354 3605 ιφηταιί,
369 3515 421 3580 ἐπί
436 3524 481 3596 τῷ
495 3514 566 3590 τοὺς
587 3521 685 3582 ἐκεῖσε
707 3517 760 3582 ὑπ’
772 3523 866 3583 αὐτοῦ
882 3509 931 3582 δο·

116 3623 259 3713 μηθὲντας
269 3615 450 3718 καθιερῶσαι
471 3627 582 3703 ναοόςά
592 3627 814 3694 Συναπίστειλε
829 3619 864 3696 δέ
879 3631 932 3696 καί

115 3747 172 3802 τῶν
193 3738 382 3830 ελιυσστέρων
405 3739 561 3830 ἀρχόντων
582 3739 668 3816 τινάς
678 3791 688 3820 ,
712 3741 848 3825 εὐσεβείᾳ
879 3742 932 3806 καί

115 3849 209 3912 πίσσα
230 3849 499 3942 λαμπρυνομένους,
517 3846 681 3942 φιλοτίμως
704 3849 803 3918 ἅπασι
825 3852 931 3920 πάντα

116 3953 154 4024 δι’
170 3968 263 4029 αὸτῶν
285 3961 496 4055 χορηγηθῆναι
520 3963 685 4044 κελεὸσας,
707 3953 741 4032 οὐ
767 3965 856 4056 μόνον
880 3973 930 4057 ἀρ·

116 4085 234 4164 χιερεὸσε
255 4077 310 4141 καί
333 4083 437 4168 ίερεὸοι
459 4076 512 4142 καί
534 4086 598 4151 τοϊς
619 4076 737 4152 τοότοις
768 4077 931 4168 συνεπομέ-

116 4208 185 4266 νοις,
206 4187 291 4253 ἀλλά
313 4189 366 4253 καί
390 4199 452 4264 τοϊς
475 4177 625 4278 δεομένοις
648 4187 747 4256 ἅπασι
769 4200 833 4264 τοῖς
854 4213 931 4254 παν·

117 4296 241 4387 ταχόθεν
262 4297 480 4390 συντρέχουσιν,
502 4299 624 4390 ἀφάτου
647 4297 782 4376 πλήθους
801 4299 931 4393 συρρέον·

118 4430 165 4484 τος
185 4415 219 4476 ἐκ
239 4409 362 4510 πάσης,
385 4419 424 4487 σίς
446 4409 518 4488 έπος
539 4417 653 4491 είπέῐν,
676 4421 734 4487 τῆς
762 4412 847 4478 κατά
873 4413 932 4484 τήν

118 4523 264 4595 ἀνατολήν
287 4534 346 4616 γῆς
368 4530 464 4590 ἐκεῖσε
486 4519 591 4602 είς’τά
614 4525 755 4617 ἐγκαίνια
776 4535 834 4602 τῆς
863 4526 932 4604 νίας

118 4627 318 4726 Ιίερουσαλήμ.
336 4647 528 4728 Διεκοσμεῐτο
552 4627 587 4702 δέ
609 4637 662 4702 καί
677 4636 714 4702 τδ
737 4634 814 4703 θετον
830 4635 931 4702 θυσια-

119 4745 228 4836 στήριον
239 4749 408 4832 βασιλικοῖς
421 4731 686 4839 παραπετάσμασι
701 4739 754 4814 καί
769 4750 933 4840 κειμηλίοις

119 4854 340 4938 λιθοκολλήτοις
364 4871 493 4952 χρυσοῖς.
517 4869 577 4927 Τοῦ
604 4853 639 4927 δέ
669 4853 796 4938 ἀσεόοὸς
817 4857 932 4954 ’Δρείου

120 4965 281 5056 φθάσαντος
315 4979 356 5048 είς
377 4973 435 5044 τὴν
469 4974 576 5040 Δίλίαν
609 4983 649 5062 τῇ
684 4983 746 5040 τῶν
772 4975 932 5066 ἐγκαινίων

121 5079 207 5172 ἡμέρα
229 5083 282 5150 σδν
296 5083 448 5177 προθυμία
463 5089 577 5176 πολλῇ,
593 5087 779 5164 ἀκοόσαντος
792 5086 932 5178 μάλιστα

159 5285 241 5357 ⁵01.
263 5287 334 5358 λεί.
357 5290 473 5377 Apost.
496 5291 595 5378 xxn,
619 5293 674 5362 ἐκ.

159 5398 304 5488 ‘Margo
331 5403 347 5470 ί
374 5419 420 5470 m.
443 5402 664 5496 ὁμογνώμονας.

160 5509 172 5554 ⁷
195 5511 411 5603 ὁπανταχοθεν
440 5513 475 5584 in
505 5532 610 5603 marg.
635 5517 850 5604 suppletum,
877 5532 935 5588 se·

123 5619 195 5706 rius,
216 5631 254 5696 οί
277 5625 418 5696 videtur.

162 5733 303 5823 ⁸Sooro
326 5738 359 5808 io
384 5739 451 5808 hoo
473 5741 547 5828 ipso
571 5741 728 5828 capitulo.

164 5846 177 5892 ί
197 5849 369 5938 Eusebius,
381 5853 455 5926 Vita
471 5854 584 5928 const.
601 5857 653 5939 lv,
671 5875 744 5926 ιιιιι
759 5871 862 5944 seqq,
875 5855 935 5926 So

1022 371 1243 440 ἀπολείπεσθαι
1269 373 1321 440 τδν
1337 371 1515 440 Ἀθανάσιον
1530 384 1588 452 της
1602 381 1707 466 ἐορτής
1721 377 1843 456 ἐκείνης,

1022 485 1156 576 ἀσμένως
1177 485 1235 552 ὑπὸ
1256 495 1316 552 τῶν
1339 486 1516 577 ὁμοφρόνων,
1539 485 1623 579 λέγω
1647 477 1687 559 δὴ
1703 487 1758 554 τδν
1776 489 1843 579 περί

1020 592 1160 664 Εὸσίόιον
1182 598 1234 664 τόν
1258 591 1460 688 Νικομηδείας
1490 600 1543 665 καί
1576 598 1767 690 Πατρόφιλον
1790 599 1843 666 τὸν

1022 709 1257 789 Σκυθοπολίτην,
1280 701 1445 800 ὑπεδέχθη.
1463 719 1500 775 Οί
1524 703 1559 777 δέ
1578 720 1634 786 τῆς
1655 709 1744 802 ὁρθής
1759 717 1842 776 ἀντι-

1021 823 1189 912 ποιοόμενοι
1203 823 1341 900 πίστεως,
1355 813 1469 897 ίδὸντες
1484 821 1537 887 τὸν
1552 819 1678 913 Ἀρειον,
1694 829 1732 897 ὡς
1750 831 1844 912 μῦσος

1022 934 1113 1000 αὸτδν
1137 931 1397 1025 ἀπεστράφησαν,
1420 934 1474 998 καί
1496 943 1553 1008 τῆς
1583 933 1747 1008 ἐκκλησίας
1773 923 1843 1008 ἐξή·

1020 1052 1132 1125 λασαν,
1147 1046 1200 1110 καί
1222 1055 1279 1120 τῆς
1300 1035 1424 1110 συνόδου
1448 1034 1614 1134 διωχθῆναι
1636 1035 1842 1136 προσέταξαν,

1021 1153 1072 1226 ὲπί
1085 1169 1126 1246 τῇ
1142 1157 1228 1242 κατά
1242 1148 1472 1248 Ἀλεξάνδρειαν
1488 1163 1581 1222 αὑτοῦ
1600 1153 1842 1226 ἀκουσθήσεσθαι

1021 1263 1144 1354 συνόδῳ,
1159 1265 1224 1358 ὲνήρ
1242 1271 1295 1334 καί
1317 1268 1412 1349 ἐάλω,
1435 1267 1616 1360 ὁρισάμενοι,
1640 1266 1734 1347 καθά,
1757 1269 1842 1357 φασί,

1021 1386 1113 1451 καὶὸ
1138 1381 1327 1472 φιλόχριστος
1349 1389 1432 1471 ἡμῶν
1456 1379 1596 1464 βασιλεὺς
1619 1390 1844 1455 Κωνσταντίνος

1022 1496 1186 1564 ἐκέλευσεν,
1209 1493 1297 1560 Οὕτω
1321 1465 1361 1564 δή
1384 1503 1440 1558 τοῦ
1463 1499 1612 1583 λυμειὸνος
1634 1485 1770 1560 ἐκποδὼν
1792 1515 1843 1584 γε·

1021 1607 1152 1698 νομένου,
1167 1608 1220 1694 καί
1238 1617 1296 1682 της
1317 1605 1422 1698 ἐόρτης
1445 1603 1680 1695 είρηνικωτάτης
1695 1605 1748 1670 καί
1763 1609 1843 1694 λαμ·

1014 1717 1177 1811 ’προτάτης
1191 1717 1392 1811 γενομένης,ὁ
1414 1717 1608 1807 πανεόφημος
1631 1717 1771 1800 βασιλεὺς
1791 1719 1845 1784 καί

1021 1833 1090 1900 λίαν
1114 1831 1301 1907 πιστότατος
1322 1829 1379 1902 τήν
1402 1839 1459 1906 τῆς
1481 1829 1674 1920 πανηγόρεως
1705 1829 1843 1920 λαμπρό-

1020 1969 1106 2016 τητα
1128 1945 1182 2010 καί
1203 1943 1404 2010 πολυτέλειαν
1427 1940 1630 2032 μεμαθηκὼς,
1654 1933 1843 2033 θυμηδείαςί

1021 2059 1069 2122 ὁτι
1091 2055 1231 2146 μάλιστα
1252 2056 1399 2131 πλείστης
1422 2053 1560 2144 ἔμπλεως
1582 2054 1699 2146 γέγονε,
1722 2053 1843 2120 καὶτὸν

1021 2179 1081 2234 τῶν
1104 2167 1228 2260 ἀγαθῶν
1251 2167 1394 2260 πρότανιν
1409 2167 1619 2258 ὑπερόμνησεν,
1634 2168 1682 2231 ὁτι
1701 2167 1754 2233 καὶ
1769 2167 1843 2232 ταό·

1020 2303 1079 2352 την
1102 2279 1257 2362 αὐτῷτὴν
1280 2282 1400 2351 αίτησιν
1425 2271 1547 2346 δέδωκε.
1566 2289 1626 2354 Τῆς
1648 2278 1703 2368 μέν
1717 2273 1768 2346 οὖν
1783 2289 1843 2344 τῶν

1021 2395 1178 2486 ἐγκαινίων
1200 2394 1304 2486 ἐόρτης
1326 2393 1419 2470 οὕτως
1441 2385 1566 2470 ἐνδόξοις
1588 2390 1792 2472 τελεσθείσης,
1816 2402 1844 2458 ot

1020 2512 1159 2574 πλεῖστοι
1182 2516 1243 2572 τῶν
1274 2507 1445 2598 ίπιφκόπων
1471 2507 1521 2572 ίπί
1543 2504 1601 2581 τάς
1622 2507 1733 2582 οίκείας
1762 2513 1843 2573 ἐπα-

1019 2617 1129 2691 νήλθον
1152 2610 1313 2709 πατρίδας,
1336 2621 1399 2684 ὁσοι
1423 2618 1562 2708 μάλιστα
1585 2627 1625 2706 τῇ
1650 2623 1681 2683 ἐν
1697 2619 1779 2709 Τόρῳ
1793 2641 1845 2684 συ-

1019 2722 1097 2814 νόδῳ
1111 2731 1299 2824 γεγενημένη
1315 2737 1349 2796 σὺ
1372 2723 1580 2822 συνήδρευσαν.
1599 2739 1636 2796 οί
1660 2721 1695 2796 δέ
1713 2740 1770 2807 τῆς
1785 2753 1843 2820 φα·

1019 2845 1104 2934 τρίας
1126 2845 1268 2926 Εὑσεβίου
1291 2853 1345 2918 τοῦ
1367 2835 1579 2932 Νικομηδείας,
1600 2844 1663 2908 όσοι
1686 2841 1737 2911 σὺν
1761 2849 1845 2926 αὐτῷ

1019 2957 1077 3028 τὴν
1100 2951 1202 3028 λώόην
1224 2953 1338 3047 Ἀρείου
1361 2945 1575 3036 είσεδέξαντο,
1598 2955 1651 3020 σθν
1682 2961 1765 3038 αὐτῷ
1788 2961 1844 3021 Εὐ-

1019 3071 1110 3153 σεβίῳ
1132 3069 1264 3144 καὶτοῖς
1286 3067 1391 3142 άλλοις
1413 3065 1589 3144 ἐπισκόποις
1602 3067 1660 3138 τὴν
1677 3067 1767 3158 Τόρον
1782 3091 1844 3132 κα-

1019 3181 1203 3273 τιιλήφασι,
1226 3179 1431 3271 περιμένοντες
1461 3184 1557 3246 ἐκεῖσε
1579 3177 1649 3256 τοὺς
1678 3180 1844 3271 ὁμόφρονας

1020 3294 1083 3362 ἀπὸ
1107 3303 1161 3360 τοῦ
1182 3292 1354 3384 Μαρεώτου.

1065 3404 1117 3474 Ἐν
1140 3397 1176 3472 δέ
1197 3409 1249 3488 τῷ
1268 3395 1411 3495 μεταξὸθ
1434 3401 1554 3496 φθάσας
1575 3403 1613 3469 τδ
1636 3402 1803 3494 κομιτόιτον
1827 3412 1844 3469 ὁ

1020 3519 1118 3612 μέγας
1132 3515 1312 3593 ’Δθανάσιος
1334 3516 1467 3608 πρόσεισι
1488 3526 1534 3598 τῷ
1557 3517 1768 3600 εόσεβεστάτῳ
1790 3517 1845 3583 καί

1021 3630 1247 3722 θεοφιλεστάτῳ
1270 3631 1391 3713 βασιλεῖ
1413 3629 1640 3710 Κωνσταντίνῳ,
1663 3629 1717 3695 καί
1739 3639 1844 3695 πᾶσαν

1020 3744 1078 3816 τήν
1100 3743 1174 3808 κατ’
1183 3748 1276 3808 αὺτοῦ
1298 3738 1503 3830 τολμηθεῖσαν
1524 3728 1647 3814 ἐδίδαξε
1655 3731 1844 3832 ,τραγῳδίαν

1020 3852 1060 3919 '0
1077 3847 1112 3920 δὲ
1126 3849 1382 3943 συμπαθέστατος
1403 3853 1456 3916 καί
1471 3850 1683 3942 χρηστότατος
1704 3851 1846 3935 βασιλσδς

1021 3976 1255 4054 Κωνσταντῑνος,
1269 3963 1486 4056 ὑπεραλγήσας
1509 3963 1566 4034 τήν
1589 3960 1689 4054 ψυχὴν
1712 3965 1764 4030 ἐπί
1782 3973 1846 4040 τοῖς

1021 4078 1106 4144 κατά
1120 4074 1302 4154 Ἀθανασίου
1316 4075 1564 4166 τετολμημένοις,
1579 4078 1633 4142 καί
1651 4075 1780 4154 κινηθείς
1794 4079 1846 4143 ἐπὶ

1021 4203 1062 4280 τῇ
1085 4192 1158 4256 κατ’
1174 4196 1267 4256 αὐτοῦ
1297 4180 1394 4272 ἀδίκῳ
1417 4189 1604 4281 γεγενημένῃ
1629 4191 1740 4280 κρίσει,
1763 4189 1845 4280 μετὰ

1022 4293 1167 4394 δακρόωγ·
1186 4299 1325 4394 μάλιστα
1359 4291 1549 4378 ἐξαιτοῦντος
1577 4310 1633 4367 τοῦ
1664 4300 1845 4368 Ἀθανασίου

1021 4414 1173 4488 κληθῆναι
1195 4413 1265 4491 τοός
1286 4437 1323 4480 τε
1353 4413 1541 4508 κατηγόρους
1571 4415 1625 4480 καί
1654 4413 1725 4490 τοθς
1753 4406 1845 4481 δικα-

1021 4527 1108 4608 σταὶς,
1122 4530 1175 4594 καί
1189 4529 1240 4594 ἀπὶ
1263 4528 1356 4592 αὑτοῦ
1371 4535 1427 4591 τοῦ
1449 4527 1586 4610 εὐσεβοὸς
1601 4519 1750 4601 όασιλέως
1770 4531 1844 4592 ἀνα·

1020 4638 1190 4706 νεόισαοθαι
1211 4639 1270 4712 τήν
1292 4639 1394 4731 κρίσιν,
1417 4637 1533 4728 πέμπει
1551 4649 1615 4714 τοῖς
1637 4643 1668 4703 ἐν
1685 4639 1766 4728 Τόριρ
1781 4637 1845 4704 ἀπό

1020 4753 1203 4836 τήςλίλίας
1233 4743 1416 4829 ἀναζεόξασι
1447 4749 1620 4842 γράμματα
1642 4757 1659 4814 ὁ
1683 4741 1845 4828 θασιλεός,

1020 4866 1210 4953 σημαίνοντα
1224 4863 1296 4956 πρὸς
1318 4869 1401 4944 αὸτῷ
1423 4859 1478 4952 μὲν
1498 4857 1572 4926 ιίναι
1586 4861 1640 4926 τὸν
1655 4858 1846 4939 Ἀθανάτων,

1022 4968 1179 5068 αὸτοθςδέ
1201 4983 1240 5051 ὡς
1253 4974 1393 5066 τάχιστα
1409 4971 1524 5063 φθάσαι
1547 4979 1588 5048 είς
1602 4972 1660 5045 τήν
1683 4983 1843 5039 Κωνσταν·

1020 5088 1199 5154 τινοόπολιν.
1223 5087 1270 5154 Τά
1293 5079 1329 5153 δέ
1349 5085 1506 5178 γραφέντα
1530 5085 1595 5150 ἐστί
1617 5095 1730 5152 ταῦτα.

912 5273 916 5280 ’
1023 5297 1142 5376 oratos,
1158 5293 1183 5376 1,
1199 5313 1308 5375 mm,
1331 5293 1551 5375 sozomenus,
1573 5291 1614 5374 11,
1638 5311 1722 5374 τινι,
1739 5289 1846 5360 Theo

1023 5401 1163 5486 doritus,
1175 5404 1199 5488 1,
1216 5403 1525 5490 xn1,Nioephorus
1542 5401 1804 5488 callistus,v111,
1817 5425 1844 5472 ι.

1069 5516 1081 5562 ¹
1106 5515 1161 5584 Sio
1184 5515 1300 5584 codex.

1068 5627 1083 5675 ¹
1104 5627 1326 5712 Athanasius,
1350 5627 1512 5716 Apologia
1544 5633 1661 5698 contra
1683 5627 1846 5710 Anonos,

1024 5759 1057 5828 p.
1074 5742 1153 5826 201,
1170 5741 1336 5824 socrates,
1359 5741 1385 5822 1,
1408 5761 1518 5824 ιιιιιι,
1542 5741 1770 5823 sozomenus,
1794 5741 1846 5824 11,

1026 5873 1134 5940 nom,
1156 5850 1363 5940 Nicephorus
1388 5851 1554 5936 Callistus,
1578 5853 1662 5938 ΜΗ,
1686 5873 1713 5920 ι.

1690 5983 1709 6030 ὁὶ
