4594 6452
802 229 1094 334 ”-ισι-

128 443 236 498 σκοπος
257 421 419 512 παρέσται.
442 419 516 490 Ἐάν
539 423 600 515 γάρ
621 447 688 505 τις,
708 431 748 500 ώς
769 423 869 518 έγωγε
891 431 945 491 οῦκ

130 532 207 624 οἶμαι
219 584 229 614 ,
251 533 309 606 τὴν
331 535 482 627 ἡμετέραν
505 535 639 603 κέλευσιν
661 539 714 604 καί
735 547 785 603 νῦν
809 533 943 630 διακροίι·

129 647 237 713 σασθαι
260 647 456 740 πειρώμενος,
478 647 522 737 μὴ
554 643 688 739 ώουληθῇ
719 652 944 744 παραγενέσθαι

131 769 213 846 ἐντῇ
239 753 363 841 συνόδῳ.
377 759 510 826 ἐντεῦθεν
533 764 607 852 παρ’
621 769 705 852 ἡμῶν
729 765 943 838 ἀποσταλήσε·

131 897 187 950 ται,
201 871 234 946 θς
250 877 286 938 ἐκ
300 865 458 938 όασιλικοῦ
473 872 712 966 προστάγματος
726 868 864 946 ἐκθαλών
866 927 943 946 ........

131 1011 154 1052 ει
164 987 186 1063 ³,
199 991 239 1059 ώς
254 991 288 1050 οῦ
302 995 452 1074 προσῆκεν
474 987 550 1075 ὅροις
565 985 784 1077 αὐτοκράτορος
801 989 873 1080 ὑπὲρ
888 999 945 1066 τῆς

131 1095 272 1172 ἀληθείας
294 1089 487 1190 ἐξενεχθεῖσιν
514 1099 686 1164 ἀντιτείνειν
717 1101 802 1166 ποτέ.
834 1103 944 1168 Λοιπὸν

130 1211 210 1276 ἐσται
234 1221 292 1286 της
313 1212 458 1302 ὑμετέρας
479 1212 637 1289 ὁσιότητος
651 1213 745 1306 ἔργον,
760 1213 945 1306 όμογνώμονι

131 1325 224 1412 κρίσει,
249 1323 423 1414 μήτεπρὸς
447 1323 626 1413 ἀπέχθειαν,
649 1325 730 1415 μήτε
751 1327 824 1416 πρὸς
845 1327 944 1418 χάριν,

132 1433 279 1510 ιἰκολόθως
302 1427 337 1501 δὲ
359 1441 479 1525 μᾶλλον
501 1446 546 1518 τῷ
568 1459 604 1502 τε
626 1443 870 1521 ἐκκλησιαστικῳ
892 1441 946 1505 καί

132 1552 321 1628 ιἰποστολικιῖι
343 1546 444 1612 κανόνι
466 1557 528 1622 τοῖς
549 1537 830 1637 πλημμεληθεῖσιν,
853 1549 944 1641 ἤγουν

131 1657 207 1724 κατά
238 1659 369 1749 σφάλμα
401 1653 627 1752 συμόεόηκόσι,
648 1659 706 1731 τλν
737 1659 945 1751 ἁρμόττουσαν

132 1771 286 1862 θεραπείαν
308 1772 525 1850 ἐπινοήσατεί,
545 1773 595 1838 ίνα
618 1752 671 1838 καί
686 1771 787 1848 πάσης
807 1775 945 1865 βλασφη·

131 1886 195 1972 μίας
215 1883 436 1975 ἐλευθερώσητε
457 1885 515 1959 τὴν
538 1889 712 1964 ἐκκλησίαν,
732 1889 785 1952 καί
799 1888 857 1963 τάς
871 1889 947 1978 ἐμάς

130 1999 338 2086 ἐπικουφίσητε
365 1989 543 2088 φροντίδας,
566 1999 619 2064 καί
653 1998 711 2070 τὴν
741 2009 798 2075 τῆς
832 1999 947 2090 εἰρήνης

131 2108 210 2199 χάριν
232 2115 342 2186 ἐντοῖς
363 2121 412 2176 νῦν
429 2103 676 2200 στασιαζομένοις
700 2105 877 2198 ἀποδόντες,
892 2135 944 2204 με·

131 2223 232 2312 γίσιην
264 2225 424 2315 εῦκληρίαν
450 2232 517 2313 ὑμῖν
548 2230 649 2300 αὐτοῖς
670 2217 883 2316 προξενώσητε.
904 2223 944 2292 ‘0

131 2335 198 2411 θεός
218 2333 298 2426 ὑμᾶς
321 2329 534 2427 διαφυλάττοι,
557 2329 684 2427 ἀδελφοί
707 2339 876 2430 ἀγαπητοί.

170 2447 256 2518 Τὴνέ
279 2447 334 2538 μὲν
356 2431 406 2514 οὖν
421 2441 542 2514 σόνοδον
557 2455 588 2514 ἐν
605 2449 686 2540 Τθρῳ
700 2448 839 2541 γενέσθαι
853 2473 943 2542 προσ-

131 2550 219 2635 τάξας
241 2570 346 2627 ταῦτα
369 2561 569 2662 γεγράφηριεν.
598 2557 653 2636 Ὠς
675 2559 734 2652 γάρ
757 2569 860 2652 ίεριῦσι
881 2573 944 2638 τοῖς

130 2671 324 2762 συκοφάνταις
346 2671 494 2757 ἐπείθετο,
518 2680 543 2738 εί
565 2673 619 2738 καί
641 2672 693 2738 τὸν
717 2681 773 2748 τῦε
794 2674 944 2756 εὐσεβείας

130 2783 205 2848 τόνον
237 2781 317 2875 εἶχεν
341 2786 540 2876 ἀχαόνωτον,
564 2787 649 2852 ἀλλά
680 2778 733 2853 διά
755 2786 793 2852 τό
814 2781 943 2876 νομίζειν

131 2897 212 2961 αὑτὸν
235 2889 401 2972 ἠδικῆσθαι
423 2900 492 2977 τοὺς
513 2903 683 2981 ἐναντίους,
706 2908 745 2977 ιὐς
774 2901 877 2993 κριτὴς
899 2893 942 2966 δί-

130 3031 212 3089 καιος,
228 3010 377 3101 ἠνέσχετο
392 3013 446 3077 καί
460 3011 578 3089 ταθιηῖ
591 3024 648 3089 τῆς
667 3012 836 3092 κελείισεως,
852 3037 948 3106 προσ-’

129 3111 219 3196 τάξας
241 3123 344 3212 μέντοι
366 3121 448 3214 μετά
477 3123 536 3194 τήν
559 3135 616 3200 τῆς
637 3117 761 3190 συνόδου
788 3125 942 3216 ἐκπλήρω-

129 3253 169 3295 σιν
189 3225 433 3323 διευκρινησάσης
454 3235 595 3317 ἐκαστα,
617 3231 808 3303 καταλαθεῖν
839 3247 943 3304 πᾶσαν

130 3341 180 3412 τλν
200 3339 323 3410 σόνοδον
344 3346 387 3410 τοὶ
409 3343 604 3438 Ἰεροσόλυμα
626 3359 686 3414 τῶν
709 3351 865 3440 ἐγκαινίων
887 3363 944 3427 τῆς

129 3461 216 3522 ἐκεῖσε
246 3461 298 3524 ὑπ’
323 3465 418 3526 αὑτοῦ
448 3453 629 3552 δομηθείσης
651 3467 816 3540 ἐκκλησίας
845 3464 941 3532 ἕνεκα.

130 3567 232 3658 Γράφει
248 3561 283 3636 δέ
305 3573 359 3638 καὶ
381 3573 487 3663 ἑτέραν
508 3575 673 3647 ἐπιστολὴν
688 3586 728 3664 τῇ
745 3569 867 3660 συνόδῳ,
882 3603 944 3644 πα-

128 3691 252 3772 ρεγμιῶν
274 3683 355 3749 ώστε
377 3685 421 3774 μὴ
453 3685 542 3776 μόνον
564 3685 618 3752 τόν
641 3683 822 3754 Ἀθανάσιον
844 3695 943 3754 ἁπαν·

129 3802 214 3864 τῖσαι
237 3808 277 3884 τῇ
301 3789 437 3884 συνόδῳ,
460 3799 545 3864 σίλλοὶ
568 3800 627 3892 γάρ
655 3801 708 3866 καὶ
730 3799 867 3892 Ἀρειον,
889 3803 942 3867 καί

129 3907 329 3996 γυμνασθῆναι
357 3913 579 4003 είλικρινῶς”τοὶ
609 3917 683 4006 παρ’
702 3913 834 3980 ἑκάστου
863 3917 940 4008 γινό·

129 4039 217 4103 μενα,
244 4024 294 4086 ἵνα
325 4028 351 4086 εί
379 4020 478 4099 καθώς
500 4007 585 4114 λέγει
606 4021 740 4116 Ἄρειος,
765 4025 861 4116 φθόνῳ
883 4029 941 4100 τὴν

129 4121 262 4220 διαίρεσιν
285 4133 401 4205 ὑπέστη
425 4144 482 4210 τῆς
504 4136 593 4227 όρθῇς
614 4137 697 4214 ἐντός
719 4135 759 4203 ιθν
791 4140 938 4217 πίστεως,

129 4241 261 4335 πρότερον
282 4253 392 4312 εαυτοῦ
415 4247 588 4339 καταγνοὺς
610 4249 661 4314 ἐπί
675 4260 738 4325 τοῖς
758 4253 832 4342 παρ’
848 4259 941 4318 αῦτοῦ

128 4357 355 4447 τετολμημένοις
376 4359 461 4454 κατά
483 4370 540 4435 τλς
562 4359 718 4440 ἀληθείας,
740 4363 888 4452 σιωπήσῃ.
906 4371 941 4431 Ei

127 4467 167 4554 μὴ
183 4467 240 4557 άρα
255 4469 372 4560 ἄμυναν
390 4471 476 4538 κατά
490 4483 545 4538 τοῦ
568 4465 643 4538 ίδίου
665 4473 829 4542 ἐπισκόπου
843 4474 940 4543 ’Λθα-
968 4555 977 4570 γ

128 4583 224 4646 νασίου
246 4579 454 4674 σοφιζόμενος,
477 4587 655 4654 ἐπανείλετο
680 4588 739 4660 τὴν
769 4583 940 4681 διόρθωσιν,

127 4691 241 4756 πλέκων
276 4695 349 4760 κατ’
375 4702 469 4762 αὐτοῦ
497 4699 636 4774 ὑπονοίας
665 4693 939 4792 παρεκόράσριατα.

128 4805 186 4866 Καὶ
207 4811 233 4868 εί
253 4805 307 4896 μάν
330 4805 435 4897 φθόνος
458 4803 552 4884 αἴτιος
574 4807 687 4900 εὑρεθῇ,
701 4805 819 4884 σπουδὴ
841 4820 941 4888 αῦτοα

127 4925 184 4989 τοῖς
205 4922 236 4981 ἐν
256 4927 295 5006 τῇ
328 4909 442 5001 συνόδῳ
472 4921 645 4997 ἐπισκόποις
667 4921 794 5012 γένηται
816 4931 871 4988 τοῦ
900 4931 941 5001 είς

129 5027 238 5114 ῑίρθνον
259 5030 444 5122 ἀμφοτέρους
465 5029 603 5120 συνάψαι.
627 5041 664 5099 E!
683 5026 717 5100 δέ
739 5040 867 5122 πλασεῇ
882 5059 940 5101 τινι

128 5145 309 5230 μεταμελείᾳ
333 5143 483 5234 κέχρηται
502 5143 625 5235 Ἀρειος,
648 5141 825 5213 καταλάθοι
846 5147 940 5214 πάλιν

128 5249 181 5322 τὴν
201 5245 449 5348 Ἀλιξίινδρειαν,
471 5263 561 5323 κάκεῖ
580 5259 647 5348 περί
667 5258 777 5326 τοότου
803 5261 940 5352 κρίνοιτο.

170 5449 340 5524 ἐαόιλώι
352 5507 463 5526 ......
475 5483 520 5540 ιι,
544 5461 630 5532 male
662 5462 774 5534 habita
805 5465 939 5550 charta,

130 5563 284 5639 Eusebius
315 5578 349 5640 et
372 5571 593 5644 Theodoritus
615 5574 651 5644 in
677 5575 744 5644 fine
767 5579 939 5648 commatis

130 5665 253 5762 διδάξει,
275 5683 364 5768 quod
387 5684 474 5752 ῖοιισ
498 5689 532 5754 et
555 5693 671 5756 noster
693 5687 747 5757 hic
770 5687 923 5760 habebat.

170 5787 261 5860 ‘Sic
292 5793 397 5864 codex
427 5813 491 5882 pro
523 5801 701 5880 επινοῖισαι,
724 5801 815 5888 quod
849 5809 939 5874 ιοοιο

132 5893 252 5970 habent
270 5913 420 5980 auctores
443 5909 543 5980 allati.

1082 425 1177 490 Ταῦτ’
1201 421 1314 515 έγραφε
1344 421 1485 506 βασιλεὺς
1514 431 1531 489 ό
1560 424 1776 516 πανεόρημσς,
1803 439 1877 505 τῆς.

1034 547 1094 604 τῶν
1118 537 1261 604 ἁπάντων
1283 537 1422 626 ὁμονοίας
1442 535 1692 628 προμηθούμενος,
1714 539 1796 615 όπως
1817 539 1855 606 άν

1035 655 1130 714 ἐκεῖσε
1152 647 1254 723 πάσης
1277 649 1449 738 ἐρεσχελίας
1471 639 1607 714 ἐκποδών
1630 651 1802 742 γενομένης,
1817 660 1858 718 εί-

1034 759 1225 852 ρηνικώτερον
1239 759 1282 824 τοὶ
1305 761 1444 851 έγκαίνια
1459 767 1559 837 τῆςέν
1574 759 1789 853 Ιίεροσολιίμοις
1803 771 1852 830 ὲκ-

1034 873 1162 947 κλησίας
1184 871 1373 951 ἐκτελέσωσι,
1388 870 1590 963 καθιεροῦντες
1606 875 1702 945 αὐτὴν
1718 885 1762 958 τῷ
1779 885 1854 959 Θεῷ.

1034 979 1155 1050 Ἀλλ’ίί
1186 983 1240 1072 μὲν
1263 983 1379 1059 σίνόοιος
1400 981 1514 1074 Ἀρειος
1545 991 1724 1065 ἀπαντῆσαι
1756 993 1787 1051 ἐν
1814 998 1855 1076 τῇ
1905 1071 1912 1086 υ

1034 1087 1147 1176 συνόδῳ
1172 1100 1203 1158 ὲν
1224 1105 1265 1181 τῇ
1283 1095 1364 1186 Τίιρῳ
1386 1077 1450 1162 οὐκ
1463 1097 1612 1186 ἠνείχετο,
1627 1095 1806 1176 ’Δθιινόισιος
1822 1092 1857 1166 δέ
1891 1145 1895 1162 .

1034 1212 1051 1269 ό
1074 1204 1172 1296 μέγας
1187 1207 1304 1276 ταίιτην
1320 1207 1371 1272 σὺν
1395 1205 1528 1297 Τιμοθέῳ
1551 1211 1604 1275 καί
1628 1213 1855 1302 Μακαρίῳτοῖς
1885 1203 1889 1212 ’

1035 1323 1129 1382 αὑτοῦ
1143 1319 1349 1408 πρεσβυτέροις
1371 1321 1425 1384 καί
1439 1321 1592 1396 πλείστοις
1602 1307 1720 1398 ’ἄλλοις
1733 1342 1856 1388 σονιπο·

1033 1428 1131 1518 μένοις
1153 1435 1409 1522 αὺτῷκληρικοῖς
1438 1433 1491 1497 καὶ
1515 1427 1678 1522 αἰδεσίμοις
1709 1425 1857 1525 ἀνδράσι,

1033 1541 1091 1612 τὴν
1108 1543 1215 1632 Τυρίων
1232 1543 1389 1626 κατέλαβε
1403 1542 1620 1634 σθνπροθυμία
1639 1551 1751 1633 πολλῇ.
1771 1547 1858 1612 Οὔπω

1035 1646 1117 1725 δῆτα
1141 1653 1341 1720 συνελθόντων
1364 1657 1535 1722 ἐπισκόπων
1559 1665 1599 1734 είς
1615 1659 1673 1731 τὴν
1690 1660 1790 1750 Τιἰρον,
1805 1663 1858 1726 καί

997 1769 1001 1778 ’
1035 1764 1101 1856 ἅμα
1116 1765 1239 1832 πάντων
1255 1765 1306 1831 σὺν
1322 1777 1366 1850 τῷ
1382 1771 1555 1834 ὑπατικώνί
1568 1773 1715 1854 Διονυσίῳ,
1730 1774 1784 1837 καὶ
1798 1783 1860 1848 τοῖς

1033 1877 1085 1942 σὺν
1098 1883 1180 1960 αὐτῷ
1196 1869 1399 1967 ἑξοχωτάτοις
1414 1872 1554 1970 ἀνδράσιν
1567 1873 1718 1971 ἀξιώμασι
1734 1907 1859 1974 τετιμη·

1034 1973 1140 2080 μένοις,
1162 1991 1216 2054 καί
1238 2001 1283 2072 τῷ
1298 2001 1354 2066 τίς
1376 1994 1526 2083 ἐπαρχίας
1549 1993 1674 2084 ἄρχοντι
1693 1997 1858 2062 ἐπιτοαυτθ

1034 2103 1202 2194 γενομένῳ,
1230 2094 1427 2175 ἀπεδόθησαν
1454 2105 1512 2170 ὑπὸ
1535 2115 1590 2172 τοῦ
1616 2107 1679 2174 ἀπὸ
1702 2115 1858 2176 ὑπατικῶν

1035 2217 1183 2280 Διονυσίου
1198 2225 1238 2302 τῇ
1262 2225 1322 2282 τιῦν
1345 2215 1516 2284 ἐπισκόπων
1539 2209 1653 2300 συνόδῳ
1667 2219 1709 2286 τά
1724 2231 1779 2286 τοῦ
1799 2224 1855 2306 βα·

987 2413 990 2422 ¹
1034 2326 1138 2402 σιλίως
1160 2325 1341 2420 γράμματα.
1356 2325 1516 2418 ’ἐφίκοντο
1540 2321 1574 2396 δέ
1597 2332 1650 2398 καὶ
1660 2331 1756 2398 ,ἄλλοι
1779 2333 1856 2408 τινάς

1033 2439 1192 2504 ἐπίσκοποι
1208 2421 1373 2531 δογμάτων
1389 2431 1553 2532 διαφθοράν
1569 2445 1794 2536 ἐγιαλοόμενοι,
1818 2439 1858 2510 ὧν

1033 2546 1074 2626 είς
1095 2545 1132 2621 ἦν
1155 2547 1337 2628 Ἀσκληπιῖς
1358 2560 1385 2622 ὁ,
1398 2545 1522 2630 Γαζεθς.
1544 2556 1697 2646 Βσόλομαι
1721 2549 1756 2624 δέ
1779 2567 1855 2650 πρῶ·

1032 2687 1086 2730 τον
1108 2663 1166 2740 τάς
1188 2673 1244 2746 τῆς
1267 2664 1352 2731 κατά
1367 2675 1423 2732 τοῦ
1446 2669 1534 2758 ἁγίου
1549 2664 1731 2736 Ἀθανασίου
1753 2687 1855 2742 κατι·

987 2845 995 2862 ,
1033 2778 1135 2868 γορίας
1157 2772 1330 2869 τραγῳδίας
1355 2777 1481 2844 ἐνθεῖναι
1503 2773 1581 2868 τῇδε
1602 2793 1643 2870 τῇ
1677 2795 1857 2876 συγγραφῇ,

1033 2883 1088 2954 εἷθ’
1100 2889 1193 2966 οὕτως
1214 2891 1256 2956 τά
1279 2889 1417 2956 κατὰτὸ
1439 2891 1686 2983 πολυθρίιλλητον
1702 2887 1856 2970 ,δικασπό-

999 3025 1000 3028 ’
1032 3025 1091 3094 ριον
1107 2995 1325 3094 διηγήσασθαι.
1342 3001 1488 3095 Ἀρσένιός
1502 3029 1548 3082 τις
1570 3017 1688 3098 πρῶτον
1702 3009 1758 3098 μάν
1773 3011 1855 3102 γενό·

1033 3137 1119 3206 μενος
1129 3112 1311 3182 Ἀθανασίου
1326 3116 1532 3207 ἀναγνώστας,
1548 3121 1599 3184 ἐπί
1611 3107 1787 3212 ἐγκλήμασί
1797 3147 1857 3188 τισι

1032 3227 1219 3320 ἐναγόμενος,
1234 3231 1287 3296 καί
1301 3229 1420 3319 μέλλων
1436 3229 1494 3296 ὑπό
1516 3241 1571 3297 τοῦ
1593 3232 1729 3312 πλήθους
1744 3227 1854 3327 διαφθ-

1033 3339 1159 3421 -σθαι,
1180 3337 1308 3414 Ὶέπειδὴ
1325 3343 1401 3434 ἔγνω
1415 3353 1507 3410 τοῦτο
1522 3353 1538 3410 ό
1553 3345 1652 3436 μέγας
1667 3343 1856 3425 ’Δθανάσιος
1978 3373 1983 3388 ’

1033 3444 1292 3545 διερευνησάμενος
1306 3455 1366 3548 γάρ
1381 3449 1418 3527 ἦν
1433 3455 1490 3528 τλν
1503 3456 1657 3549 Ιὑπόθεσιν·
1672 3469 1780 3529 τοῦτον
1803 3460 1856 3526 τόν
1912 3457 1921 3470 “

1032 3567 1142 3657 τρόπον
1165 3559 1303 3638 διεσώθη.
1318 3565 1430 3634 Μαθών
1452 3568 1511 3662 γάρ
1527 3570 1779 3662 συκοφαντεῖσθαι
1800 3571 1853 3640 τθν

1032 3677 1198 3769 Ἀρσένιον,
1222 3679 1349 3758 ἐπιστάς
1369 3682 1475 3758 νυκτός
1498 3675 1638 3760 διασώζει
1661 3684 1713 3750 τόν
1737 3675 1833 3776 ἄνδρα
1845 3735 1854 3764 ,

1033 3800 1113 3882 φυγῇ
1128 3791 1181 3856 τθν
1197 3791 1284 3882 φόνον
1300 3785 1469 3884 ἀποδράναι
1484 3805 1593 3860 τοῦτον
1608 3797 1853 3886 παρασκευάσας.

1031 3901 1160 3970 Ὀντινα
1184 3905 1265 3995 μετά
1280 3915 1383 3972 ταῦτα
1398 3916 1427 3972 οί
1450 3910 1590 3974 λίελιτίου
1606 3911 1737 3976 κοινωνοί
1759 3911 1853 4002 ιῦρόν·

1031 4041 1082 4093 τες
1096 4019 1181 4084 κατά
1203 4017 1262 4090 τὴν
1276 4020 1438 4110 Αἴγυπτον,
1460 4019 1498 4085 τὸ
1513 4031 1569 4105 τῆς
1589 4027 1757 4100 ἐπισκοπῆς
1772 4032 1855 4110 αυτῷ

1022 4123 1294 4222 ,παρασκευάζουσι
1318 4121 1444 4203 δοθῆναι
1459 4133 1563 4223 όνομα.
1587 4133 1676 4200 Μετά
1692 4129 1727 4202 δέ
1750 4135 1854 4228 χρόνον

1031 4241 1100 4308 τινά
1131 4241 1203 4308 καθ’
1226 4241 1364 4310 ὑπόθεσιν
1394 4246 1537 4329 Εὐσεβίου
1559 4256 1614 4312 τοῦ
1645 4241 1854 4339 Νικομηδείας

1032 4358 1124 4432 αὐτὸς
1146 4356 1205 4448 γάρ
1228 4353 1265 4430 ἦν
1288 4366 1305 4423 ό
1327 4369 1492 4451 πανταχοῦ
1523 4359 1609 4428 κατά
1638 4371 1699 4458 τιῦν
1728 4359 1854 4432 εἰσεθῶν

1031 4470 1242 4547 πολυπλόκους
1263 4474 1465 4562 συκοφαντίας
1495 4475 1739 4568 ἐπιτεχνώμενος·
1762 4479 1853 4546 αὐτόν

1031 4592 1139 4648 τοῦτον
1153 4582 1206 4648 τόν
1221 4579 1368 4674 Ἀροάνιον
1384 4584 1633 4678 κατακρίιραντες
1646 4599 1674 4654 οί
1688 4600 1744 4666 της
1763 4597 1852 4658 Μελι·

1029 4695 1095 4760 τίου
1109 4696 1281 4787 συμμορίας,
1296 4695 1401 4763 λαθεῖν
1417 4697 1507 4764 αυτόν
1522 4701 1573 4766 ἐπὶ
1587 4706 1691 4767 πλεῖον
1709 4695 1851 4780 ἠξίωσαν.

1029 4803 1163 4874 Ἔπειτα
1185 4819 1272 4900 χεῖρα
1296 4800 1398 4885 δεξιάν
1420 4810 1483 4876 ἀπό
1506 4835 1585 4890 τινος
1605 4813 1747 4904 σώματος
1768 4823 1852 4884 ἐκτε-

1030 4919 1136 5010 μόντες
1165 4931 1286 5013 νεκροῦ,
1308 4923 1361 4986 καί
1383 4921 1501 4995 ταέιην
1526 4931 1559 4990 ἐν
1588 4925 1716 5016 λάρνακι
1746 4919 1850 5019 ξυλίνῃ

1030 5035 1284 5126 τεταριχευρίνην
1297 5033 1507 5126 ιδιπσθίριινοι,
1529 5050 1694 5131 πανταχοῦ
1718 5043 1851 5134 περιέφε-

1030 5170 1100 5238 ρον,
1122 5148 1321 5239 πεφονεῦσθαι
1344 5149 1397 5214 ιιαί
1423 5151 1681 5242 κατατιτμησθιιι
1712 5155 1854 5248 λέγοντες

1030 5260 1089 5328 ὑπὸ
1104 5257 1284 5328 ’λθανασίου
1306 5261 1359 5328 τόν
1374 5258 1529 5354 ’Δρσίνιοκ
1543 5265 1699 5357 μιαιφόνον
1720 5269 1757 5335 τέ
1772 5275 1851 5336 ἀπε-

1075 5465 1089 5510 ⁵
1105 5465 1259 5534 Socrates
1271 5467 1297 5550 1,
1308 5485 1481 5552 ιενιειιε,
1498 5469 1716 5556 sozomenus,
1728 5473 1768 5554 11,
1780 5495 1850 5558 xxv,

1031 5577 1270 5662 Τίιοοῦοιῖιυε,
1294 5579 1326 5660 1,
1351 5599 1431 5664 xxx,
1454 5581 1660 5670 Νῖοερίιοτοε
1686 5585 1851 5672 callistus,

1029 5691 1112 5774 vlu,
1136 5711 1219 5776 εισι,
1243 5685 1451 5778 Κολλυτεῖ,
1476 5715 1538 5780 ενι,
1562 5717 1636 5768 xm.

1052 5803 1089 5868 .⁸
1111 5803 1177 5890 Sic,
1201 5803 1277 5874 inde
1301 5803 1434 5874 videtur
1456 5807 1602 5882 effictum
1624 5819 1776 5897 οεατυισ.

1074 5915 1088 5963 ⁷
1111 5917 1272 5989 Forulum
1294 5916 1329 5986 in
1353 5918 1478 5992 εοιῦοε.
