4594 6452
1245 203 1287 222 -
1313 169 1388 246 {22
1414 209 1457 226 -·

476 315 565 400 pote
592 295 770 382 hominem
797 298 1029 400 inperieulo.
1050 305 1086 384 el
1111 303 1231 384 uenire
1258 312 1304 386 ad

483 437 574 520 uta,
613 450 717 540 quam
744 438 957 528 pertransire
992 437 1095 542 sicut·
1113 439 1247 514 nubem
1282 459 1302 512 a

482 565 647 649 saeculo,
676 571 712 639 et
737 583 810 638 non
836 565 957 640 ridere
984 585 1083 660 quae.
1099 570 1304 662 contingent

482 691 519 765 in
544 691 615 766 nne
642 699 850 786 temporum.

533 820 577 894 lit
603 822 809 913 respondit,
839 829 884 898 et=
901 821 990 897 dixit
1019 825 1065 898 ad
1095 844 1173 902 roe:
1210 817 1240 864 ¹¹
1258 828 1303 918 llt

481 949 627 1028 visionis
655 957 734 1024 tuae
753 952 1071 1044 interpretationem
1089 953 1202 1029 dicam
1221 955 1301 1030 tibi:

481 1083 518 1151 et
553 1077 598 1152 de
635 1079 764 1170 quihus
801 1081 938 1154 locutus
966 1097 1006 1154 es
1037 1057 1200 1156 revelatio
1225 1083 1301 1158 tibi.

481 1197 512 1242 '²
526 1207 698 1293 Quoniam
717 1207 837 1281 dixisti
856 1207 901 1282 de
918 1209 963 1283 iis
981 1209 1043 1301 qui
1062 1183 1305 1301 ommonem

480 1341 548 1420 tur,
569 1345 605 1410 et
622 1335 667 1410 de
687 1339 730 1412 iis
750 1337 810 1428 qui
829 1355 900 1411 non
917 1338 1216 1430 mmmmm:
1235 1315 1303 1414 hor

480 1467 536 1536 est
552 1462 711 1538 verbum.
737 1454 850 1552 ”Qui
869 1466 1012 1540 suimet
1029 1467 1222 1558 petulum
1242 1467 1302 1542 illo

479 1595 647 1684 tempore,
668 1593 726 1668 lnio
739 1592 913 1672 custodiet
930 1613 992 1668 eos
1011 1595 1071 1687 qui
1089 1597 1126 1670 in
1143 1597 1300 1687 periculo

365 1751 374 1780 s
475 1718 616 1810 jacent,
655 1737 717 1794 eos
744 1721 807 1812 qui
834 1721 965 1812 hahent
986 1725 1096 1813 'opera
1123 1731 1159 1798 et
1193 1723 1299 1798 iidem

478 1845 573 1939 apud
598 1846 815 1922 ditissimum
834 1855 869 1922 ct
894 1849 1044 1924 Forum.
1063 1839 1094 1886 ¹⁶
1109 1851 1197 1926 Vide
1215 1870 1299 1944 ergo

472 1975 644 2066 fquoniam
671 1975 782 2066 magis
809 1975 995 2050 beatificati
1022 1984 1106 2052 sunt
1122 1980 1183 2077 qui
1202 1979 1300 2053 dere

471 2101 573 2186 lico,
602 2121 709 2194 super
735 2121 797 2178 eos
825 2103 885 2194 qui
913 2106 1040 2179 mortui
1065 2112 1160 2180 sunt.
1193 2097 1223 2143 ¹⁶
1241 2109 1297 2180 lm

440 2289 445 2294 .
477 2232 676 2324 terpretatio
704 2237 819 2304 antem
846 2223 993 2304 visionis
1019 2239 1099 2308 tuae
1122 2231 1212 2308 haec
1230 2241 1295 2309 est

531 2359 701 2444 Quoniam
721 2359 838 2432 vidisti
857 2361 971 2435 uirum
989 2361 1237 2438 ascendentem
1252 2363 1297 2438 de

477 2484 583 2560 corde
611 2489 728 2569 maris,
757 2477 787 2522 ¹⁶
807 2488 883 2578 ipse
910 2495 964 2562 est
990 2507 1096 2580 quem
1115 2496 1298 2564 conservat

476 2613 677 2689 altissimus
695 2614 741 2686 ad
760 2613 868 2686 multa
894 2619 1062 2706 tempora,
1090 2595 1154 2707 per
1173 2617 1295 2708 quem·

471 2741 622 2816 salvabit
640 2747 832 2814 creaturam
860 2761 971 2826 suam,
994 2748 1028 2815 et
1045 2744 1121 2835 ipse
1139 2744 1294 2834 trajiciet,

475 2871 538 2964 qui
565 2869 721 2944 derelicti
748 2875 841 2953 sunt,
869 2859 899 2906 ¹⁷
918 2871 961 2946 Et
987 2873 1151 2963 quoniam
1177 2871 1295 2946 vidisti

471 2999 521 3074 do
538 3017 600 3074 ore
617 3001 694 3091 ejus
722 3001 818 3073 exire
845 2999 1005 3091 spiritum
1032 3001 1186 3090 igniret
1212 3017 1292 3090 pro·

470 3128 605 3202 callae:
641 3118 672 3164 ²⁸
699 3127 865 3220 quoniam
901 3133 1017 3202 autern
1044 3146 1117 3207 nou
1153 3127 1293 3201 tenebat

472 3255 510 3330 in
537 3271 643 3328 mann
669 3273 733 3328 sua
758 3255 935 3338 drumm
963 3273 1080 3347 neque
1107 3274 1168 3329 ras
1194 3255 1292 3330 belli·

469 3399 620 3458 rosum:
647 3389 683 3456 et
709 3383 865 3474 corrupit
882 3383 1140 3456 multitudinem
1161 3383 1290 3458 adren-

470 3516 528 3585 tus
555 3512 648 3586 illius
675 3510 796 3584 turbae
823 3511 994 3584 venientis
1015 3496 1192 3602 pugnare.
1208 3531 1290 3586 curn

470 3655 531 3714 eo:
558 3639 626 3714 hoc
644 3647 698 3713 est
714 3637 872 3712 verbum.
892 3627 1021 3712 ”Ecce
1040 3636 1115 3710 dies
1132 3639 1287 3722 veniunt,

469 3765 612 3858 mando
626 3766 785 3840 instituet
807 3765 1008 3840 altissimus
1028 3771 1067 3838 nt
1083 3765 1208 3840 liberet
1225 3783 1289 3840 eos

470 3895 531 3985 qui
550 3901 823 3985 superterram:
843 3883 875 3928 ³⁰
890 3895 1005 3968 ueniet
1023 3901 1145 3986 stupor
1158 3895 1289 3968 multus

317 4067 320 4072 -
368 4009 371 4016 ‘
471 4037 579 4111 super
596 4007 807 4097 liabitatoree
825 4025 949 4096 terrae.
978 4012 1007 4056 ³²
1024 4024 1067 4096 ut
1090 4022 1290 4134 cogitabunt

455 4127 602 4224 'bellue
628 4167 722 4224 unus
743 4168 823 4224 oum
851 4137 979 4223 altero:
1007 4151 1127 4224 civitas
1146 4167 1225 4224 curu
1244 4151 1290 4224 ei·

470 4277 587 4360 ritate,
616 4275 769 4368 allocus
796 4294 875 4349 eum
902 4275 1005 4360 loco,
1035 4283 1069 4350 et
1095 4295 1181 4368 gens
1207 4295 1288 4350 cunr

470 4409 585 4496 pente,
615 4409 650 4476 et
676 4419 824 4494 regnum
852 4421 932 4474 cmn
954 4420 1079 4494 regno.
1106 4393 1193 4476 ”lit
1211 4404 1287 4487 erit.

469 4549 551 4606 cum
569 4531 654 4604 lieni
670 4529 759 4604 haee
784 4531 884 4621 signa
911 4547 1002 4621 quae
1018 4527 1177 4621 praedixi
1203 4528 1287 4603 tibia

442 4715 447 4724 .
469 4667 553 4734 tunc
572 4651 781 4734 revomitur
792 4659 886 4732 illins
905 4675 1018 4742 meus,
1034 4675 1139 4749 ouem
1157 4655 1286 4740 vidisti,

468 4795 508 4862 ut
533 4789 646 4862 rirrrrn
674 4788 933 4863 ascendentem.
961 4777 1206 4878 ³³Etr1naodo
1225 4805 1286 4858 au·

468 4915 596 4990 dierint
622 4933 744 4990 omnes
762 4923 884 5008 genos
910 4931 1033 4988 rocem
1059 4913 1157 5004 ejus:
1186 4911 1287 4987 dere·

467 5043 604 5135 linquet
630 5045 876 5136 unnsquisque
894 5061 939 5116 ex
962 5043 1013 5116 cis
1040 5043 1156 5114 locum
1183 5059 1288 5116 sunm

468 5176 504 5243 et
528 5169 675 5254 bellum,
694 5171 792 5263 quod
817 5171 1011 5244 intereos:
1039 5158 1069 5202 ³⁸
1085 5175 1119 5242 et
1145 5171 1286 5261 collige·

466 5297 588 5370 turin
624 5317 734 5370 unurn
770 5295 956 5372 multitudo
996 5297 1286 5383 innumerabilis,

466 5425 558 5500 sicud
588 5425 718 5510 uidisti,
746 5429 903 5501 volentes
931 5427 1062 5507 venire,
1095 5432 1130 5500 et
1154 5424 1287 5500 bellare

468 5571 548 5626 cum
567 5555 642 5628 riro
661 5555 733 5628 illo.
762 5545 792 5590 ³⁸
807 5557 887 5646 lpse
903 5561 1021 5628 autem
1047 5553 1153 5628 stabit
1172 5571 1288 5646 super

467 5699 634 5757 cacumen
662 5683 790 5756 montis
809 5685 906 5759 Sion
935 5672 965 5720 ³⁸
980 5683 1065 5756 Sion
1081 5689 1198 5759 autem
1224 5701 1285 5756 re·

1396 314 1479 397 niet,
1499 317 1535 387 ot
1561 309 1765 388 ostendetur
1783 309 1947 390 omnibus
1971 320 2070 408 parata
2082 323 2152 400 alae

1396 441 1557 525 diimta,
1594 442 1686 514 sicut
1719 441 1840 516 uidisti
1879 443 2023 518 montom
2045 451 2152 527 erc'um

1394 567 1474 642 sine
1500 566 1675 641 manibus.
1703 558 1827 660 ⁸⁷lpse
1854 577 1966 644 autem
1989 574 2068 648 lilius
2088 597 2154 654 neus

1395 703 1518 806 arguet
1535 712 1625 788 quae
1643 695 1861 770 advenerunt
1877 705 2003 790 mutes.
2021 701 2058 776 de
2071 704 2153 796 inpie·

1395 830 1464 898 tute
1500 843 1619 900 earum
1633 845 1659 910 ‚·
1673 825 1749 900 ilias
1777 844 1870 918 quae
1899 827 2084 904 assimilatae
2102 841 2155 906 sunl

1394 955 1592 1046 procellae,
1620 961 1657 1030 et
1683 954 1864 1029 ordinabit
1886 931 1998 1030 coram
2021 959 2064 1032 eis
2085 978 2155 1051 open
2209 1049 2210 1054 Ν

1397 1100 1520 1158 eorum
1547 1084 1637 1156 mala
1664 1089 1700 1158 et
1725 1085 1995 1160 cmciamentmr
2018 1103 2081 1176 quo
2096 1087 2155 1160 lun·

1395 1229 1474 1284 ru
1500 1217 1557 1284 cst
1582 1217 1623 1284 ut
1649 1211 1864 1306 crucientur.
1896 1200 1926 1246 ⁸⁸
1950 1211 2060 1284 lustra
2080 1218 2155 1285 aron

1388 1337 1455 1412 illa
1482 1339 1545 1428 qni
1572 1338 1785 1412 asm'milatus
1812 1343 1869 1414 cst
1892 1339 2053 1421 danum,
2074 1339 2156 1430 pulo

1395 1444 2156 1562 omstoelanoraperlegemll'nsquetgn

1395 1595 1583 1668 assimilata
1609 1603 1666 1670 est
1678 1597 1703 1669 ‘.
1966 1633 1968 1636 ·

1390 1699 1392 1707 ’
1447 1710 1477 1756 ⁸⁰
1491 1721 1534 1794 llt
1561 1722 1728 1814 quoniam
1746 1721 1868 1796 uidisti
1886 1739 1965 1796 eum
1988 1720 2156 1794 adrocrnton

1394 1854 1430 1922 et
1456 1849 1676 1940 colligentem
1696 1848 1742 1922 ad
1758 1867 1801 1924 se
1819 1849 2060 1924 multitudinem
2074 1847 2155 1920 turlrr

1392 1977 1481 2050 elius
1507 1977 1687 2069 pacificae,
1714 1967 1745 2012 ‘⁰
1764 1977 1832 2052 hae
1852 1983 1934 2051 sunt
1958 1993 2067 2050 norem
2081 1973 2154 2046 mou

1389 2111 1427 2178 et
1445 2103 1600 2190 dimidia,
1630 2123 1720 2196 quae
1747 2107 1906 2198 capurae
1931 2106 2029 2178 irrue
2051 2109 2114 2182 tunt
2127 2101 2154 2171 lo

1388 2239 1481 2310 terra
1507 2245 1571 2306 sua
1600 2233 1637 2306 iu
1663 2233 1789 2308 diebus
1813 2233 1954 2310 -Jeeiae‘
1978 2229 2073 2322 repis,
2095 2245 2150 2318 pru

1388 2362 1541 2452 captivas
1568 2361 1668 2435 duxit
1694 2363 1933 2437 sathanasar'
1959 2377 2016 2432 rer
2037 2353 2150 2445 lssyu'o

1388 2505 1488 2562 rum:
1502 2495 1552 2562 -et
1577 2491 1753 2564 transtulit
1779 2509 1844 2565 eos
1864 2497 1958 2564 trans
1981 2487 2089 2560 flumen
2109 2481 2151 2552 liu

1387 2618 1545 2710 phraten‚
1572 2625 1606 2691 et
1634 2619 1760 2712 captirl
1786 2619 1884 2693 ducti
1910 2621 1989 2691 suut
2011 2614 2043 2686 in
2064 2617 2149 2682 terren

1385 2745 1499 2818 aliam.
1519 2735 1798 2838 “depromant
1816 2748 1912 2822 enim
1928 2743 1991 2835 ipsi
2003 2743 2147 2814 lucrose

1388 2879 1423 2946 et
1436 2872 1503 2946 sibi
1523 2873 1696 2948 dederunt
1712 2877 1901 2950 consilium
1920 2873 1983 2946 hoc
2000 2875 2032 2942 nt
2047 2861 2148 2938 dereliu

1387 3003 1537 3087 puerant
1554 2997 1813 3073 multitudinem
1834 2999 1995 3092 gentiunt.
2013 2983 2147 3080 etprolri·

1386 3132 1570 3200 scerontur
1587 3127 1625 3198 in
1651 3127 1832 3218 regionem
1860 3125 2054 3200 interiorem,
2076 3109 2146 3185 ubit

1385 3249 1512 3326 diebus
1521 3253 1620 3325 suis·
1639 3271 1712 3326 non
1731 3253 1937 3328 inhabitarit
1948 3235 2147 3342 progeniosis

1385 3379 1536 3452 minum:
1555 3369 1630 3453 ‘’ut
1648 3381 1771 3454 saltem
1790 3381 1840 3456 lbi
1855 3377 2062 3456 coronarent
2071 3369 2146 3454 lectu

1384 3525 1496 3590 suam,
1512 3515 1618 3600 ¹spuarn
1633 3527 1704 3582 non
1723 3513 1946 3585 seruauerant
1961 3505 1996 3578 in
2013 3508 2084 3573 terra
2096 3505 2144 3564 su.

1434 3625 1691 3710 “introierant
1716 3645 1834 3712 autem
1860 3655 1925 3730 per
1954 3627 2088 3708 introitus
2107 3633 2145 3688 tlt

1383 3769 1504 3854 pulos
1530 3763 1744 3854 Euphratis·
1758 3754 1787 3798 ⁸⁸
1802 3767 1900 3840 Fecit
1920 3761 2008 3837 euim
2030 3753 2072 3826 eis
2091 3751 2145 3877 tuot
2209 3825 2210 3914 Ν

1382 3889 1581 3964 Altissimus
1599 3899 1770 3982 portenta,
1790 3889 1994 3983 prohibebat
2009 3879 2144 3955 erinon·
2209 3945 2210 4004 Ν

1381 4023 1439 4090 tus
1457 4019 1612 4112 fluminis
1631 4035 1816 4111 usquequo
1834 4013 2034 4094 uansicront
2048 4009 2143 4076 omne.
2209 4037 2210 4048 κ

1382 4133 1413 4180 ⁴⁵
1431 4145 1474 4218 ut
1499 4145 1590 4220 irent
1607 4153 1724 4220 autem
1751 4147 1871 4220 miseri
1881 4149 1905 4231 ·‚
1927 4143 1976 4214 ria
1998 4133 2052 4209 luit
2072 4118 2144 4256 mnu
2208 4163 2210 4236 5

1382 4271 1428 4346 ad
1456 4273 1622 4357 eundum,
1651 4274 1718 4347 iter
1744 4275 1826 4346 anni
1851 4273 1957 4350 unius
1981 4269 2012 4338 et
2034 4243 2143 4380 uiuido

1382 4399 1459 4488 ipsa
1477 4405 1592 4472 antem
1611 4401 1708 4492 regio
1726 4401 1786 4474 illa
1802 4408 1943 4474 roratur
1956 4381 2080 4476 millii
2091 4373 2144 4446 Μ’

1313 4507 1315 4512 '
1382 4525 1517 4600 mnndi
1546 4516 1576 4560 ‘⁶
1592 4527 1636 4600 Et
1658 4526 1940 4602 inhabitaverunt
1950 4518 1999 4596 ibi
2015 4517 2103 4596 usqne
2115 4489 2143 4566 ³⁶

1381 4651 1614 4726 novissimum
1633 4660 1788 4746 tempus:
1814 4661 1849 4728 et
1867 4661 1949 4726 tunc
1972 4647 2076 4720 iterun
2090 4635 2142 4760 Ψ
2207 4746 2208 4760 Ν

1382 4779 1538 4854 loturum
1565 4787 1619 4855 est
1645 4785 1683 4854 ut
1700 4783 1850 4866 veniant,
1880 4772 2031 4854 ‘'itemm
2046 4754 2141 4835 litim·
2207 4802 2209 4867 l

1381 4886 1460 4980 Μ
1478 4907 1807 4998 prohibebiteaitus
1822 4905 1976 4996 tlnminis
1994 4873 2140 5016 dupinii
2207 4910 2208 4916 Ν

1381 5041 1420 5108 1η
1445 5035 1583 5128 Possint
1609 5037 1778 5123 tlensium
1810 5045 1950 5129 propter
1975 5027 2040 5099 ,hoc
2060 5003 2140 5082 tidllil

1381 5161 1636 5236 multitudinem
1673 5162 1795 5238 turbae
1832 5165 2001 5238 ruderum
2022 5149 2053 5222 iu
2073 5142 2139 5228 liii·

1380 5277 1410 5324 ⁶⁸
1420 5287 1490 5362 sid
1507 5295 1543 5365 ⁰2
1561 5291 1623 5382 qui
1639 5263 1798 5366 derelicti
1817 5299 1900 5392 sunt
1917 5289 1958 5364 de
1973 5265 2137 5374 populous

1379 5417 1624 5503 miranmtur,
1649 5419 1701 5494 illi
1729 5419 1790 5510 qui
1815 5417 2023 5496 invenientur
2044 5397 2073 5470 in
2093 5389 2138 5456 tor·

1379 5547 1484 5622 minis
1502 5547 1591 5622 meis
1609 5548 1751 5624 sanctie.
1771 5539 1883 5622 ‘'lirit
1900 5551 2015 5622 auum
2038 5503 2137 5616 quando

1378 5673 1502 5767 lierdrt
1530 5677 1785 5754 multitudinem
1812 5679 1973 5771 gendum,
1997 5667 2069 5754 note
2088 5629 2134 5713 oli·
2201 5666 2202 5691 t
