4690 6406
398 387 406 406 .
467 273 575 396 ltin¹
621 344 700 396 snos
725 330 862 414 propter
884 324 1023 412 iniqui,

622 447 723 507 tatem
746 445 779 508 et
802 438 981 510 iniustitias

591 611 596 616 .
620 560 653 619 et
677 558 814 638 propter
836 567 966 620 sermo-

619 680 695 730 nem
720 663 787 731 oris
810 663 960 748 ipsorum

619 783 652 844 et
675 783 812 862 propter
835 776 957 844 maliti-

618 907 654 957 as
676 905 812 973 magnas
836 905 918 974 quas
942 888 1005 973 ipsi

617 1002 740 1069 iaciunt
763 1009 901 1088 propter

619 1113 709 1198 qnod
733 1112 965 1198 derelinqaam

621 1230 857 1292 testamentum
882 1221 973 1308 quod

622 1341 762 1402 testatus
787 1341 838 1402 est
861 1333 945 1402 deus
969 1333 1020 1400 io-

623 1455 674 1513 ter
698 1462 830 1512 monum
854 1445 906 1514 sni
928 1455 957 1512 et

622 1557 772 1642 ipsorum
796 1556 963 1626 custodire

622 1675 655 1735 et
678 1669 785 1738 lacere
808 1668 944 1736 uniuer-

622 1798 658 1850 sa
682 1779 834 1848 mandata
857 1778 930 1850 cius
954 1785 988 1848 et

622 1899 798 1978 praecepta
821 1891 894 1962 eius
917 1898 952 1958 et

622 2004 732 2070 omnia
755 1991 900 2088 legitima
923 2003 992 2070 eiras

622 2124 655 2184 et
678 2133 746 2184 non
770 2116 901 2201 estqui
925 2131 1017 2200 prae-

622 2233 727 2294 tereat
750 2243 792 2292 ex
815 2227 931 2296 dextra

623 2339 694 2407 sine
718 2337 851 2408 sinistra
875 2354 973 2422 prop·

624 2459 675 2519 ter
698 2451 787 2537 quod
810 2451 958 2520 uniuersi

623 2563 789 2650 malignati
813 2572 892 2632 sum
915 2571 949 2632 et

624 2692 722 2742 omne
746 2693 784 2742 os
809 2675 957 2762 loquitur

623 2786 766 2870 maligna
790 2793 823 2853 et
847 2803 983 2854 omnes,

625 2900 836 2984 operationes
860 2917 977 2967 eorum

555 3063 561 3076 .
628 3011 824 3104 inmunditia
840 3017 881 3078 ‘at
905 3009 978 3078 odi-

627 3139 683 3190 um
707 3128 740 3190 et
765 3123 942 3192 uniuersae

626 3235 700 3304 uiae
724 3251 841 3302 eorum
864 3233 975 3319 pollu-

627 3347 719 3415 tion..
745 3353 779 3414 et
802 3347 970 3416 abomina-

627 3459 674 3528 tio
698 3467 731 3528 et
755 3459 988 3557 exterminium

628 3580 662 3642 et
685 3591 761 3642 ecce
785 3580 872 3642 terra
895 3572 958 3640 erit

628 3692 766 3770 propter
789 3685 899 3752 omnia
922 3701 1004 3768 ope·

629 3815 665 3863 ra
688 3797 837 3882 ipsorum
860 3801 894 3863 et
917 3813 985 3862 non

625 3915 682 3976 est
705 3924 819 3975 semen
842 3913 877 3974 et
900 3907 1013 3974 ninum

631 4027 665 4087 et
688 4019 799 4088 oleum
823 4026 962 4106 propter

631 4132 721 4218 qaod
743 4132 898 4201 uniuersa
921 4151 986 4200 m...

629 4255 696 4311 toto
718 4252 796 4320 sunt
819 4263 920 4330 opera
944 4247 994 4330 ip-

630 4374 745 4425 sorum
768 4366 802 4426 et
825 4359 972 4426 uniuersi

634 4477 778 4538 ...scunt
800 4469 926 4538 bestiae

632 4592 665 4651 et
688 4583 840 4652 animalia
863 4592 897 4652 et
920 4601 999 4652 anes

631 4705 665 4766 et
688 4713 804 4766 omnes
827 4697 937 4783 pisces

632 4809 732 4878 maris
755 4828 773 4877 a
795 4811 918 4878 malitia
942 4812 978 4878 sr-

632 4921 753 4990 liornm
777 4923 949 4990 hominnm

633 5042 667 5102 et
690 5035 865 5119 litigabunt
887 5029 955 5103 isti'

566 5221 571 5232 ,
632 5165 708 5216 com
731 5147 806 5214 illis·
831 5149 912 5216 Nam
936 5147 984 5213 in-

633 5259 735 5328 benes
759 5275 835 5328 cam
858 5260 967 5330 senio

634 5373 726 5442 ribus
750 5379 783 5441 et
806 5374 957 5444 seniores

634 5503 709 5554 cnm
732 5486 917 5558 iunioribus
941 5504 1023 5572 pau-

636 5617 695 5684 per
719 5615 795 5668 com
818 5599 920 5670 diuite
945 5599 1019 5666 infr-

992 5705 1064 5754 mus
1082 5721 1086 5734 ·

1230 144 1405 208 ..28-

1346 324 1451 390 l23n
1500 339 1574 390 cum
1598 338 1718 409 magno
1744 329 1777 390 et
1801 338 1877 407 eger

1500 437 1944 522 mmmwms

1504 555 1603 618 tatem
1627 555 1759 616 exercet
1782 547 1816 615 io

1501 662 1573 747 lege
1597 678 1658 748 pro
1682 667 1863 728 testamen-

1504 782 1572 841 tom
1589 773 1752 859 'quoniam
1776 773 1870 842 obliti

1460 959 1465 966 ,
1503 895 1581 956 sunt
1604 891 1817 973 praeceptum

1503 1006 1536 1066 et
1561 1003 1795 1080 testamentum

1502 1117 1535 1178 et
1558 1109 1646 1178 diem
1667 1109 1790 1177 lostam
1814 1114 1850 1176 ot

1500 1239 1649 1310 mensem
1672 1227 1707 1288 et
1729 1219 1850 1288 sabba·

1502 1341 1571 1402 tum
1596 1339 1630 1402 et
1653 1331 1823 1400 iubeleum

1500 1451 1532 1510 et
1557 1442 1666 1511 omnia
1690 1441 1809 1510 iudicia
1831 1453 1861 1508 et

1503 1557 1637 1624 stabunt
1661 1553 1694 1621 in
1718 1571 1797 1624 arca
1818 1564 1847 1622 et

1504 1667 1536 1734 in
1561 1665 1676 1752 gladiis
1700 1673 1734 1736 et
1749 1667 1790 1734 x'n
1814 1666 1896 1736 bello

1504 1787 1540 1846 nt
1564 1783 1759 1848 conuectant
1781 1795 1841 1848 eos

1503 1892 1535 1958 in
1560 1890 1647 1958 niam
1671 1897 1705 1958 et
1728 1907 1796 1958 non
1817 1907 1896 1958 con·

1404 1993 1410 2006 '
1503 2007 1676 2072 uertentur
1699 2017 1874 2087 usquequo

1391 2113 1405 2124 “
1503 2113 1691 2182 effundatur
1715 2113 1849 2198 sanguis

1502 2225 1868 2310 mmmmm&

1505 2338 1901 2422 dmmmmm-

1505 2448 1888 2520 mmmmm

1502 2561 1857 2633 rmwmfflm

1406 2707 1409 2712 ·
1503 2697 1520 2746 a
1544 2676 1666 2746 malitia
1689 2693 1749 2744 sna
1773 2691 1840 2743 non

1504 2795 1742 2858 conuertentur
1765 2805 1846 2873 qno·

1505 2901 1593 2970 niam
1616 2900 1765 2968 uniuersi
1789 2898 1830 2967 ad

1424 3068 1437 3080 ..
1503 3013 1654 3080 fraudem
1673 3019 1708 3080 et
1730 3011 1771 3080 ad
1795 3011 1878 3079 diui-

1506 3125 1568 3192 tias
1592 3143 1627 3192 se
1651 3123 1811 3192 extollent

1507 3244 1544 3304 nt
1567 3235 1728 3323 accipiant
1751 3234 1862 3322 singu·

1508 3350 1531 3416 li
1555 3349 1711 3420 uniuersa
1734 3365 1819 3434 quae
1842 3355 1920 3414 sont

1507 3461 1649 3546 proximi
1673 3461 1724 3529 sni
1749 3443 1791 3529 et
1806 3477 1930 3528 nomen

1507 3589 1663 3657 magnum
1687 3573 1834 3640 nomina·

1505 3685 1587 3752 bant
1611 3701 1677 3751 non
1701 3684 1735 3750 in
1758 3683 1878 3752 uerita·
1975 3739 1979 3744 .

1510 3803 1541 3864 te
1566 3803 1599 3864 et
1623 3813 1690 3862 non
1714 3796 1748 3862 in
1773 3794 1896 3863 iustitia

1487 3911 1528 3976 Et
1550 3906 1843 3976 sanctificationem

1509 4029 1656 4088 sanctam
1680 4019 1832 4104 polluent

1509 4136 1540 4202 in
1566 4131 1866 4204 abominationibus

1510 4247 1659 4316 ueritatis
1683 4253 1717 4313 et
1739 4244 1873 4312 inmon-

1509 4359 1598 4428 ditiis
1621 4365 1655 4426 et
1678 4357 1741 4426 erit
1763 4359 1812 4426 ira
1834 4373 1922 4440 mag-

1505 4453 1547 4538 na
1570 4487 1671 4556 super
1695 4486 1797 4555 opera
1820 4487 1877 4554 ge·

1510 4582 1689 4650 uenationis
1713 4581 1802 4650 illias

1508 4714 1525 4761 a
1550 4693 1695 4762 domino·
1721 4697 1762 4762 lit
1785 4693 1877 4763 dabit
1900 4695 1963 4759 illis

1510 4808 1655 4894 gladium
1678 4813 1712 4876 et
1735 4805 1892 4876 indicium

1510 4920 1544 4986 in
1568 4918 1792 5004 captiuitatem
1815 4927 1849 4986 et

1512 5033 1545 5098 in
1570 5031 1791 5117 direptionem
1814 5041 1847 5101 et

1513 5144 1546 5211 in
1570 5143 1821 5214 decorationem
1918 5175 1919 5183 κ

1513 5265 1547 5324 et
1570 5256 1760 5326 obdormire
1785 5257 1863 5326 laci·

1514 5377 1548 5439 et
1571 5387 1672 5456 snper
1694 5387 1753 5439 eos
1777 5387 1896 5455 pecca-

1513 5489 1602 5550 tores
1626 5489 1817 5566 peccatores

1515 5596 1661 5680 gentium
1684 5593 1805 5682 quibus
1828 5613 1894 5663 non
