4652 6408
949 235 1130 302 -Η.-

29 501 36 512 ,
179 379 259 473 υἱον
306 383 347 467 N
350 411 447 489 oon,
494 413 558 469 και
604 375 872 498 drohepopetoc
913 411 1006 505 apoc
1068 389 1196 470 ibidem
1223 385 1339 470 allato.
1372 387 1497 472 Notent
1524 411 1609 473 vero
1636 389 1781 478 lectores
1815 417 1896 502 par⁴

176 517 290 604 culon
311 545 398 640 εφη·
414 543 480 600 και
496 513 776 636 προεὲεασατο
794 542 841 626 με
863 507 1005 616 ὁΘεος
1068 525 1136 596 tem
1154 517 1406 621 Excerptcrum
1420 519 1598 624 llugyppii
1613 546 1633 602 e
1647 523 1683 604 S.
1696 526 1897 627 Augustino

14 683 18 690 ·
176 676 254 768 arpo
284 643 516 754 καταβολης
550 673 699 760 κοσμου
733 673 824 732 ειναι
861 674 907 760 με
935 671 1004 750 της
1036 645 1255 726 ·seoundam
1268 648 1474 751 scripturam
1490 648 1629 750 habere,
1650 661 1689 732 nt
1701 654 1895 763 inquirant,

175 775 388 882 Διαὲηκης
418 803 545 864 auron
572 801 740 886 μεσιτην.
1064 774 1197 878 siquid
1215 773 1310 854 aliud
1328 785 1522 856 nostrorum
1543 801 1686 882 operum
1701 785 1895 886 reperiatur

229 911 295 986 llic
322 917 451 1010 parater
478 911 576 1005 haer,
606 911 666 1010 qui
694 909 824 988 stichos
852 909 1003 991 hahebat
1064 902 1100 980 in
1119 901 1251 1006 aliqua,
1281 927 1371 1006 quae
1389 913 1499 1006 extol,
1528 915 1626 1010 porte
1654 911 1809 1013 ejusdem
1838 935 1894 991 co

180 1039 294 1132 tloo,
329 1035 387 1116 vel
426 1035 527 1114 ΙΙΙΙΙΙ
562 1031 620 1140 (cl.
654 1035 862 1133 Fabricium,
897 1037 920 1116 Ι.
955 1061 999 1134 c.,
1065 1033 1153 1112 diois
1180 1033 1269 1114 inter
1286 1035 1491 1134 Bohienses,
1521 1039 1582 1140 qui
1609 1040 1644 1118 in
1669 1040 1789 1142 plures
1806 1041 1893 1122 alias

176 1188 212 1266 p.
243 1165 333 1261 sto,
362 1162 446 1245 trit.
467 1163 576 1262 Sacr,
602 1164 657 1244 ed.
678 1165 833 1262 hmstel,
854 1167 894 1245 Ι.
910 1167 999 1262 ΙΙΙΙΙ,
1063 1163 1295 1246 bibliothecas
1337 1165 1491 1246 distracti
1531 1170 1650 1266 luere,
1689 1170 1889 1252 Vaticanam

176 1297 215 1374 P.
237 1295 298 1391 ΙΙΙ,
324 1293 392 1374 col.
415 1291 470 1397 Ι),
499 1293 641 1374 mutilus
659 1301 710 1372 est
728 1294 765 1372 in
793 1295 1002 1374 membranis
1063 1316 1203 1396 nempe,
1235 1296 1500 1394 taurinensem,
1530 1298 1675 1378 fortasse
1703 1307 1736 1378 et
1763 1299 1860 1380 alias.

174 1424 304 1504 nostris
331 1431 366 1502 et
393 1430 471 1502 octo
494 1429 626 1502 tanturn
651 1423 733 1504 lolia
751 1423 999 1526 complectitur.
1118 1419 1237 1500 Codex
1264 1424 1453 1527 rescriptas
1480 1424 1567 1504 duas
1593 1426 1771 1506 columnas
1790 1429 1895 1509 hahet
1935 1511 1940 1522 ,

175 1555 247 1632 b'ec
265 1561 378 1632 tarnen
393 1558 508 1631 certus
520 1574 609 1648 snm,
631 1573 715 1631 num
734 1551 849 1632 omnia
863 1552 1002 1630 omnino
1064 1557 1098 1628 et
1125 1551 1344 1632 membranae
1362 1555 1538 1654 margines
1557 1555 1670 1636 adhuc
1690 1557 1776 1636 adeo
1791 1558 1890 1654 latos,

175 1681 289 1762 eidem
334 1680 559 1784 pertineant·
582 1678 814 1759 Probabiliter
863 1679 1004 1780 quidem
1065 1679 1217 1759 utnihil
1245 1683 1401 1762 innovo
1430 1707 1495 1762 usu
1524 1683 1741 1788 deperditum
1775 1688 1892 1770 luerit.

173 1811 296 1890 lohum
314 1817 475 1912 qiuartum
494 1832 514 1888 e
531 1815 696 1890 contextu
715 1807 807 1887 tertii
825 1816 877 1888 est
896 1809 1004 1888 conti·
1067 1807 1135 1888 llix
1155 1831 1262 1888 unnno
1280 1809 1472 1889 alterumve
1491 1812 1611 1892 lolium
1630 1815 1779 1916 physico
1798 1839 1892 1896 nexu

173 1940 306 2032 nuntio,
331 1937 513 2040 eidemque
540 1935 699 2040 quintum
728 1935 920 2038 conjungo,
951 1937 1002 2016 la·
1065 1935 1163 2016 alteri
1178 1937 1351 2036 adhaeret,
1372 1947 1405 2017 et
1425 1941 1495 2018 lere
1514 1949 1607 2020 totns
1625 1943 1736 2021 codex
1756 1953 1887 2023 constat

171 2091 266 2148 cuna
283 2067 477 2170 interiecta,
497 2091 542 2147 ex
566 2075 715 2167 cognata
740 2067 914 2146 substrata
931 2089 1004 2146 ma·
1065 2063 1303 2164 singularibus
1323 2065 1414 2146 loliis
1433 2068 1627 2148 omnimode
1643 2071 1752 2150 versis
1766 2081 1800 2150 et
1814 2096 1895 2152 con-

174 2199 279 2291 terie;
299 2195 361 2278 scd
378 2196 436 2276 alii
456 2195 554 2276 aliter
564 2195 738 2298 judicent,
754 2217 817 2298 per
830 2217 884 2274 me
903 2193 1001 2288 licet;
1070 2193 1173 2290 tusis,
1202 2203 1241 2272 ut
1267 2205 1411 2299 apparet
1438 2221 1484 2276 en
1517 2222 1676 2298 numero,
1712 2223 1816 2304 quem
1850 2227 1894 2281 en

172 2305 292 2406 cetera
315 2325 397 2404 lolia
420 2331 513 2404 recte
540 2324 856 2428 disposuissemlhi
887 2323 1006 2402 videor
1069 2321 1294 2425 dispositione
1321 2348 1385 2428 pro
1412 2325 1605 2430 superjecta
1632 2329 1803 2432 scriptura
1831 2353 1894 2430 ge-

172 2479 318 2534 eneau
345 2477 415 2556 quc
443 2453 589 2535 alterurn
616 2453 714 2534 alteri
743 2453 979 2556 conjungitur.
1067 2462 1148 2531 runt
1176 2462 1209 2531 et
1242 2455 1389 2557 apposui
1423 2455 1523 2535 initio
1559 2455 1729 2559 cujusque
1766 2457 1894 2538 codicis

228 2583 388 2680 Quanam
421 2584 542 2684 lingua
576 2585 736 2688 primitus
770 2584 872 2662 luerit
914 2582 1002 2662 libor
1066 2580 1226 2682 paginae.
1261 2582 1338 2682 Ego
1370 2585 1478 2680 enim,
1513 2583 1613 2663 lineis
1648 2585 1732 2688 ipsis
1764 2587 1894 2668 codicis

171 2723 348 2812 exaratus,
376 2715 406 2794 si
434 2714 524 2794 alius
550 2737 571 2794 a
599 2715 734 2794 Pett'rot
761 2711 1001 2806 noscebant
1063 2733 1201 2812 semper
1222 2711 1391 2808 ‚servatis
1421 2711 1594 2815 duplicem
1629 2715 1822 2796 columnam
1856 2718 1891 2794 in

173 2845 287 2924 haheo
313 2868 384 2948 quo
411 2843 585 2924 definiam.
615 2845 644 2924 ll
673 2823 805 2923 Graeco
838 2842 913 2921 slve
947 2865 1002 2921 ar·
1064 2861 1168 2917 unam
1197 2840 1372 2942 compegi,
1408 2839 1570 2920 adnotato
1596 2848 1721 2921 tamen
1755 2867 1891 2948 semper·

171 2974 340 3076 chetypo,
369 2973 445 3052 sive
474 2973 632 3052 versione
660 2971 867 3075 produxisse
896 2971 1001 3070 latina
1062 2966 1172 3046 literis
1185 2993 1208 3046 c
1222 2977 1255 3046 et
1270 2967 1302 3064 h,
1317 2970 1376 3048 uhi
1392 2993 1551 3073 quaeque
1565 2972 1718 3075 incipiat.
1740 2975 1892 3074 Paginae

171 3099 312 3180 videtur
352 3125 396 3180 ex
437 3101 519 3182 ullis
558 3101 655 3182 locis.
697 3099 794 3180 llanc
836 3101 1001 3204 supponit
1062 3097 1169 3198 igitur
1194 3100 1242 3177 ΙΙΙ
1271 3098 1431 3178 editionis
1466 3101 1634 3180 exhibent
1670 3101 1798 3182 codicis
1830 3127 1890 3206 pa·
2001 3137 2003 3142 ·

173 3229 319 3308 tortasse
346 3229 443 3309 locus
470 3229 646 3333 Epistolae
664 3227 789 3307 Evodii
809 3227 853 3307 ad
873 3227 908 3307 S.
929 3227 999 3306 du·
1062 3225 1164 3326 ginas
1193 3229 1256 3306 ac.
1285 3229 1356 3306 llas
1378 3227 1590 3331 disposuiin
1612 3230 1727 3310 Parvo
1749 3231 1885 3324 Gnosi,

171 3361 354 3459 gauslinum
382 3357 476 3460 apud
502 3357 710 3454 Fabricium,
740 3356 763 3436 l.
784 3379 828 3453 c.,
849 3378 884 3458 p.
907 3357 996 3452 tlt,
1061 3363 1098 3432 ut
1126 3356 1241 3434 versio
1268 3356 1471 3460 Aethiopica
1498 3355 1654 3456 docebat,
1684 3359 1719 3437 in
1749 3361 1891 3437 Acama-

173 3489 309 3590 inquo
337 3487 575 3592 Acoompb'om'
592 3484 702 3565 Mom's
721 3485 907 3582 adluditur,
929 3484 998 3564 eol·
1055 3483 1175 3588 pliona
1206 3482 1368 3562 Mom'ce
1413 3505 1527 3562 rerum
1568 3508 1673 3565 nexu.
1716 3486 1887 3566 Numerus

172 3615 252 3694 latis
279 3637 371 3718 quae
398 3611 609 3716 praecedunt
642 3636 678 3715 p.
714 3613 832 3692 tta-3
869 3635 888 3690 c
923 3609 998 3692 Cle
1060 3610 1223 3690 Romanis
1255 3611 1345 3691 notis
1381 3634 1569 3714 expressus
1609 3614 1653 3693 ad
1694 3616 1888 3715 marginem

172 3749 288 3822 mente
330 3740 576 3822 Alexandrino.
610 3741 700 3820 Num
732 3739 871 3820 demum
905 3748 999 3820 extet
1048 3737 1222 3818 editionis
1249 3740 1351 3842 primi
1379 3741 1495 3842 operis
1522 3743 1664 3821 remittit
1696 3743 1741 3822 ad
1775 3745 1889 3847 capita

172 3870 261 3949 liber
288 3877 406 3948 noster
433 3871 468 3948 in
496 3869 555 3950 illa
583 3869 872 3974 llpocryphorum
910 3891 998 3969 gaza
1061 3868 1096 3946 in
1116 3868 1270 3972 ejusdem
1290 3870 1511 3950 versionibus
1529 3871 1731 3975 hethicplca
1749 3881 1783 3951 et
1802 3870 1888 3954 Ger-

172 3997 389 4102 hethiopica,
404 3998 533 4078 nescio.
555 3998 607 4078 lln
625 4005 740 4078 autem
760 3997 854 4102 quod
873 3997 998 4078 rescri-
1061 3998 1196 4078 manica
1241 4024 1261 4078 a
1298 3999 1471 4080 llillmann
1505 4000 1688 4104 adscripta.
1719 4001 1887 4105 Quaeque

172 4125 244 4230 psit
276 4127 361 4206 mihi
394 4127 437 4206 ll.
472 4126 683 4226 Zotenberg,
719 4127 780 4228 qui
814 4126 998 4230 plurimam
1061 4127 1190 4228 pagina
1209 4126 1277 4206 alta
1296 4137 1347 4206 est
1367 4131 1416 4207 llll
1437 4130 1574 4208 centlm.
1604 4132 1687 4229 lere,
1717 4131 1785 4211 lata
1813 4133 1885 4212 lero

173 4257 387 4360 Aethiopicis
402 4256 510 4336 literis
524 4279 664 4360 operam
682 4254 752 4353 dat,
768 4264 802 4335 et
819 4255 918 4336 brevi
938 4255 998 4334 do
1062 4256 1130 4348 ab
1160 4255 1340 4335 columnae
1366 4257 1456 4336 altae
1485 4259 1531 4336 ‘ll
1564 4259 1646 4356 lere,
1675 4259 1741 4338 nisi
1761 4281 1883 4339 nume-

171 4393 334 4465 cumenta
359 4385 511 4488 proteret
537 4384 739 4486 diligentiae
756 4405 856 4466 suae:
877 4384 1000 4462 Formi
1060 4405 1121 4462 rus
1140 4381 1308 4462 linearum
1327 4385 1482 4482 excedat,
1502 4385 1591 4466 latae
1609 4387 1712 4466 simul
1730 4397 1888 4490 sumptae

174 4513 226 4590 lea
252 4535 435 4592 cocceam
463 4513 567 4592 licaeo
585 4513 809 4620 opcorppbec,
828 4537 892 4619 poc
915 4535 999 4593 oceo
1061 4532 1140 4590 curn
1171 4511 1329 4611 margine
1360 4512 1514 4592 interiori
1550 4513 1613 4610 tc,
1637 4513 1808 4614 singulae
1844 4513 1885 4612 8,

171 4641 259 4720 ta'ter
286 4641 382 4719 dona
401 4648 498 4720 notre
518 4642 618 4720 lettre
637 4641 666 4719 ΙΙ
684 4641 755 4744 c'g
774 4664 797 4718 o
815 4665 880 4746 poe
897 4642 998 4735 darc,
1062 4637 1186 4752 paullo
1205 4639 1302 4742 plus,
1331 4640 1393 4720 sed
1421 4643 1456 4720 in
1485 4649 1631 4744 utraque
1659 4641 1818 4722 columna
1846 4641 1888 4720 li-

170 4770 234 4876 qur'
258 4793 302 4848 oe
329 4793 367 4848 oe
394 4777 552 4850 tenuent
576 4769 673 4848 cosm
704 4769 809 4860 aare
826 4769 858 4848 le
890 4793 1000 4848 conon
1062 4775 1155 4848 terae
1187 4768 1336 4848 initiales
1368 4770 1439 4848 lere
1472 4770 1584 4872 spatio
1616 4769 1778 4850 dimidiae
1811 4769 1885 4848 lile-

172 4897 378 5004 comptem
403 4922 442 4977 oc
459 4903 539 4978 sont
557 4899 774 4978 l’dssuunrro
792 4897 898 4978 blosrs
916 4905 949 4975 et
969 4897 1001 4975 lc
1061 4917 1120 4974 rae
1148 4896 1447 4998 praescribuntur,
1477 4905 1511 4976 et
1537 4919 1642 5002 saepe
1675 4899 1710 4978 in
1745 4898 1814 4978 line
1847 4899 1888 4978 li-

170 5029 275 5108 Lrnnn
320 5027 575 5108 annmrroms
620 5025 769 5106 Brauon.
827 5025 1001 5104 Paul-ttae
1061 5049 1147 5106 neae
1173 5027 1364 5109 minorihus
1392 5030 1463 5110 lere
1489 5052 1625 5133 semper
1643 5029 1751 5109 literis
1769 5031 1887 5134 paullo

170 5155 385 5234 emittent-its
412 5155 517 5234 oaam'.
1064 5154 1178 5234 scrlha
1206 5165 1484 5258 praetergressus
1511 5166 1573 5238 est.
1589 5159 1728 5240 ¹Lineae
1746 5159 1782 5238 in
1801 5183 1887 5262 qua-

224 5285 300 5365 lam
328 5282 495 5364 nonnulla
522 5281 566 5364 de
592 5279 722 5362 codice.
764 5279 797 5358 ls
824 5289 897 5360 erat
920 5280 1000 5360 olim
1064 5306 1133 5385 que
1173 5283 1332 5364 columna
1373 5289 1449 5385 hl,
1486 5287 1552 5366 nisi
1585 5287 1680 5389 quod
1712 5288 1886 5368 rarissime

170 5413 409 5493 bibliothecae
423 5409 589 5493 Coenobii
602 5409 793 5506 bobiensis,
815 5417 853 5488 ut
871 5409 945 5488 dini
963 5410 1000 5488 iu
1063 5409 1153 5490 linea
1181 5433 1265 5509 una,
1301 5413 1356 5492 vel
1385 5436 1489 5494 voces
1515 5411 1690 5496 adduntur
1716 5415 1884 5496 interius:

171 5542 285 5622 Prael.
314 5541 360 5624 ad
387 5542 526 5644 Fragm.
539 5539 592 5621 'S.
620 5539 744 5636 Lucae,
775 5561 809 5640 p.
843 5537 876 5634 Ι,
896 5559 1000 5639 quern
1063 5539 1177 5620 omnia
1190 5539 1269 5620 dedi
1284 5547 1386 5644 prout
1400 5542 1436 5620 in
1451 5540 1578 5624 Codice
1591 5551 1721 5622 exunt.
1736 5543 1886 5624 lnitiales

172 5669 287 5752 locum
315 5672 361 5752 ct.
392 5693 463 5752 una
484 5691 563 5750 cum
582 5691 686 5773 opere
704 5663 845 5746 hmedci
864 5665 1000 5767 Peyron
1030 5673 1034 5678 '
1063 5667 1205 5768 literae,
1248 5694 1338 5774 quae
1374 5678 1408 5750 et
1442 5671 1478 5750 in
1515 5679 1679 5752 contentu
1712 5671 1885 5754 interdum
