4690 6406
158 427 264 490 itinn.
306 379 342 488 ut
368 419 487 488 demus
510 417 557 486 iiii
589 417 726 504 gloriam

156 537 368 608 snsuriune
392 532 486 600 iacob
510 529 658 600 extendit
682 549 734 598 ar·

305 663 379 714 num
404 662 503 713 snum
526 651 560 712 et
583 650 689 713 trans-

303 759 393 827 misit
417 757 571 843 sagittam
595 763 628 824 et
651 774 728 843 per-

305 871 408 941 cussit
430 873 512 940 'esau
536 871 672 938 tratrem

246 1051 251 1062 ,
304 1002 403 1054 snum
428 989 543 1052 contra
569 999 675 1050 mam·

305 1097 429 1165 millam
453 1095 605 1164 dextram
629 1094 708 1180 ipsi·

305 1229 344 1278 ns
368 1217 403 1278 et
426 1208 547 1278 deiecit
572 1209 665 1276 ilium

283 1325 323 1390 Et
347 1321 457 1390 emisit
480 1321 634 1407 sagittam
656 1337 710 1390 se-

303 1435 446 1502 cundam
470 1441 503 1502 et
526 1451 587 1520 per
611 1441 644 1502 et
668 1451 746 1520 par-

302 1549 407 1618 eussit
431 1549 680 1618 aduramarom-

303 1680 435 1732 menon·
460 1643 677 1730 iurra‘mam-

302 1771 427 1838 mittam
452 1770 620 1840 sinistram
646 1770 697 1858 ip-

303 1885 372 1952 sius
397 1891 430 1952 et
454 1884 574 1954 deiecit
598 1885 691 1952 ilium

303 2005 335 2066 et
360 1997 481 2066 occidit
505 2015 593 2066 eum·

279 2111 319 2176 nt
342 2110 521 2194 posthaec
544 2110 697 2178 exierunt
782 2099 785 2108 ’
811 2201 816 2214 ¹

304 2223 363 2290 titii
387 2223 491 2292 iacob·
518 2223 581 2308 ipsi
606 2231 639 2291 et
663 2242 743 2311 pue·

303 2337 330 2402 ri
354 2337 505 2422 ipsorum
529 2336 626 2404 diuisi
656 2336 689 2404 in

302 2455 460 2534 quattuor
482 2449 619 2534 spiritus

302 2561 431 2630 bareos·
456 2569 490 2630 et
515 2561 617 2631 eaiuit
640 2564 691 2632 iu·

303 2673 363 2742 das
387 2675 516 2761 primus
539 2682 573 2745 et
597 2685 713 2762 nepta-

304 2787 362 2855 iim
386 2796 420 2856 et
443 2789 506 2874 gari
530 2807 605 2858 num
630 2808 671 2859 eo
696 2799 729 2857 et

303 2901 540 2988 quinquaginta
566 2921 649 2988 nue-

305 3013 332 3079 ri
358 3031 433 3082 eum
458 3015 533 3102 ipso
557 3018 743 3088 seeundum

207 3177 214 3191 .
305 3127 525 3196 meridianum
548 3129 641 3198 barin

304 3247 338 3308 et
358 3241 596 3311 interfecerunt

304 3355 488 3440 quodquod
514 3355 652 3424 innene-

305 3473 384 3533 runt
407 3466 441 3534 in
458 3475 641 3554 conspectu

305 3596 367 3646 sno
389 3587 422 3646 et
445 3597 512 3648 nnn
536 3583 664 3668 etingiit

301 3706 342 3758 aa
366 3690 434 3760 iilis
459 3709 567 3778 neque
591 3711 678 3764 nnus

284 3803 325 3868 Et
349 3803 439 3871 tenui
462 3811 496 3872 et
520 3806 584 3874 dan
608 3813 642 3876 nt
665 3825 741 3878 aser

302 3916 456 3986 exierunt
479 3920 666 3988 seeundum

307 4028 471 4097 orientem
494 4030 563 4098 bari
588 4037 622 4098 et
646 4033 744 4118 quin-

308 4143 463 4228 quaginta
487 4161 563 4212 cum
587 4145 668 4233 ipsis

308 4261 341 4322 et
364 4255 604 4327 interfecerunt

307 4361 488 4434 bellatores
513 4366 611 4436 moab

310 4481 344 4542 et
368 4493 501 4546 ammon

286 4589 447 4658 Exierunt
471 4593 578 4662 ruben
598 4601 631 4662 et

311 4701 444 4772 issasar·
465 4711 498 4773 et
521 4705 662 4774 zabulon

312 4823 347 4884 at
370 4817 605 4904 quinquaginta
629 4819 680 4905 ip-

312 4947 428 4998 sorum
452 4950 528 5001 cum
551 4933 633 5019 ipsis
657 4939 689 5001 et

311 5043 549 5115 interfecerunt
572 5055 605 5116 et

313 5139 376 5244 nisi
399 5159 579 5230 narratores
602 5161 715 5231 ursan

290 5275 332 5340 Et
356 5273 459 5341 eriuit
478 5291 617 5360 symeon
642 5283 675 5344 et

312 5385 550 5456 beniamin-'et
573 5389 680 5458 enoria

313 5497 401 5566 titius
425 5500 531 5570 ruben
548 5519 668 5571 seeun-

312 5607 394 5680 dum
417 5629 572 5682 nnsasum
591 5614 685 5684 barin

313 5725 595 5814 etquinquagintn
633 5729 778 5816 ipsorum

908 235 1090 300 ...45-

1037 416 1108 492 133.
1121 433 1152 482 a.
1190 433 1266 484 num
1290 413 1380 502 ipsis·
1407 419 1440 482 et
1463 411 1566 482 inter·

1157 617 1163 630 ·
1190 529 1340 598 inserunt
1362 544 1403 595 ex
1426 526 1525 595 edom

1189 648 1224 708 et
1248 657 1288 709 ar
1312 657 1429 710 norreo
1455 639 1613 726 quadrin-

1190 759 1308 838 gentos
1332 755 1423 822 uiros
1440 755 1545 824 belia-

1190 873 1280 935 tores
1305 873 1338 934 et
1362 867 1505 936 sescenti
1617 883 1620 888 ·

1181 987 1223 1068 ¹et
1247 987 1403 1068 quattuor
1425 981 1483 1047 tilii
1510 997 1589 1050 esau

1089 1089 1093 1098 '
1142 1183 1145 1188 Ι
1191 1094 1348 1178 ingerunt
1367 1110 1443 1160 cum
1462 1091 1544 1176 ipsis

1191 1215 1224 1275 et
1249 1207 1500 1294 dereliquerunt

1189 1339 1311 1408 eorpus
1337 1321 1441 1408 patris
1465 1321 1516 1389 sui
1540 1337 1618 1406 prn-

1161 1415 1170 1426 ’
1195 1435 1316 1504 ieetum
1341 1433 1524 1504 in'excerso
1650 1515 1656 1528 ,

1186 1549 1275 1632 qnod
1299 1548 1333 1615 in
1358 1547 1475 1616 adurin
1496 1553 1529 1614 et
1553 1563 1627 1631 per-

1186 1661 1291 1728 secuti
1315 1667 1393 1728 sunt
1417 1660 1475 1728 iiiii
1499 1659 1593 1727 iacob

1184 1779 1260 1858 post
1284 1789 1342 1840 eos
1357 1773 1515 1858 usquead
1530 1789 1625 1842 mnn-

1095 1875 1105 1892 '
1184 1893 1251 1954 tem
1275 1887 1351 1954 seir·
1376 1893 1410 1952 et
1433 1886 1527 1954 iacob
1544 1903 1619 1968 sep-

1180 1997 1309 2083 peliiuit
1332 2017 1411 2066 esau
1434 1999 1570 2065 tratrem

1184 2129 1282 2179 suum
1305 2111 1339 2178 in
1362 2111 1494 2179 excelso
1520 2109 1609 2196 quod

1183 2229 1235 2292 est
1254 2223 1371 2292 adurin
1396 2231 1430 2292 et
1452 2241 1534 2292 non-

1184 2353 1304 2405 uersus
1328 2343 1379 2405 est
1404 2337 1436 2404 in
1460 2337 1564 2405 barin·

1163 2451 1204 2516 nt
1229 2450 1465 2518 eumsederunt
1490 2448 1548 2516 iiiii

1185 2562 1279 2630 iacob
1303 2563 1389 2630 filios
1414 2579 1493 2630 esau
1518 2561 1551 2630 in

1185 2681 1299 2743 monte
1324 2675 1399 2743 seir·
1427 2679 1460 2742 et
1483 2675 1564 2743 suh·

1182 2790 1384 2890 iugauerunt
1408 2788 1483 2857 ilios
1506 2795 1544 2856 ut

1182 2903 1248 2971 sint
1272 2903 1458 2972 seruientes
1481 2903 1519 2970 ii-

1184 3015 1237 3084 tiis
1260 3015 1371 3085 iacob‘
1391 3019 1434 3084 Et
1456 3016 1618 3086 miserunt

1091 3183 1098 3196 .
1183 3129 1224 3198 ad
1249 3129 1342 3198 iacob
1367 3137 1496 3216 patrem
1522 3121 1619 3199 suum

1184 3243 1212 3309 si
1235 3241 1356 3311 sacient
1379 3261 1496 3328 panem
1519 3259 1594 3310 cum

1187 3355 1268 3441 ipsis
1293 3359 1334 3424 nt
1358 3373 1482 3442 posue-

1186 3477 1265 3536 runt
1288 3469 1402 3553 iugum
1426 3466 1555 3535 timoris

1187 3598 1288 3666 super
1310 3579 1392 3665 ipsis
1415 3586 1452 3647 ut
1476 3579 1556 3648 dent

1187 3694 1351 3763 honorem
1374 3693 1468 3762 iacob
1493 3699 1527 3760 et

1188 3807 1264 3874 ntiis
1288 3805 1359 3874 aius
1384 3805 1417 3874 in
1443 3803 1597 3874 omnibus

1190 3917 1308 3988 diebus
1332 3925 1366 3988 et
1389 3925 1484 3986 erant
1499 3919 1616 3987 dantes

1189 4030 1352 4099 honorem
1377 4031 1470 4098 iacob
1494 4048 1601 4116 usque

1189 4145 1222 4212 in
1247 4145 1336 4213 diem
1359 4144 1561 4214 detensionis

1112 4317 1117 4328 .
1189 4260 1261 4328 eius
1286 4259 1318 4326 in
1344 4266 1521 4345 aegyptum

1167 4373 1209 4440 ltt
1233 4389 1300 4440 non
1325 4379 1541 4442 cessauerant

1190 4483 1249 4552 titii
1272 4484 1372 4554 edom
1395 4483 1437 4554 de
1461 4483 1539 4570 iuge
1559 4485 1601 4552 ti-

1191 4599 1294 4667 moris
1319 4616 1419 4684 quem
1436 4600 1533 4681 inpu-

1191 4709 1573 4780 mmfflmffim

1192 4823 1254 4893 noh
1278 4841 1384 4910 usque
1408 4821 1546 4890 indiam
1572 4822 1615 4890 is

1077 4943 1081 4952 '
1193 4943 1273 5003 tum·
1299 4933 1402 5003 ethii
1426 4933 1601 5019 regesqui

1191 5055 1415 5136 regnauerunt
1439 5047 1472 5114 in
1497 5046 1595 5116 adnm

1192 5162 1386 5248 priusquam
1411 5167 1566 5262 regnaret

1193 5293 1333 5362 regnum
1357 5276 1390 5344 in
1416 5275 1494 5344 tiliis
1519 5275 1616 5344 istra-

1192 5389 1246 5458 hel
1270 5405 1376 5474 usque
1396 5387 1429 5454 in
1446 5387 1535 5456 diem
1551 5387 1640 5456 huna

1193 5503 1224 5570 in
1247 5509 1333 5570 terra
1358 5501 1457 5570 edom
1481 5501 1539 5570 ba·

1191 5617 1251 5684 rad
1275 5615 1362 5684 iilius
1385 5617 1468 5685 beor
1492 5621 1526 5684 nt
1550 5633 1608 5684 nn

1191 5747 1268 5800 man
1293 5729 1435 5800 ciuitatis
1459 5729 1531 5800 aius
