4690 6406
893 161 1072 223 -25-
1194 173 1200 188 ·

1030 337 1103 403 ton
1118 355 1147 402 o.
1190 341 1225 402 ut
1249 331 1448 404 menduoent
1471 341 1505 403 et

1189 445 1304 514 bibant
1328 451 1362 513 et
1384 445 1521 514 henedi-

146 349 262 410 totto.
300 347 393 409 erant
415 341 541 442 muitae
562 340 675 410 diuiti·

142 459 226 523 xiii
298 451 664 522 aeisaoinhersabee

301 574 334 632 et
358 571 428 633 erat
450 564 519 632 isac
541 563 656 633 aniona

304 683 336 744 et
361 674 575 744 considerans
598 673 653 744 ad·

301 789 365 856 nuo
388 803 473 873 quae
497 787 645 873 posside

300 901 356 968 bat
380 907 414 968 et
437 917 594 968 reuersus
617 907 668 968 eat

300 1013 341 1079 ad
365 1019 495 1098 patrem
518 1004 673 1081 suumin

303 1133 457 1210 tempore
481 1123 546 1192 hoe
568 1122 667 1192 adue

301 1238 350 1305 nit
373 1237 488 1306 ismael
514 1237 626 1306 uidere

306 1357 434 1434 patrem
459 1366 556 1418 suurn
580 1355 613 1416 et
637 1365 717 1416 oon-

304 1466 470 1529 uenerunt
492 1460 624 1546 ntuque
648 1454 693 1526 si-

302 1573 381 1640 mut·
407 1575 448 1640 ut
471 1571 655 1640 immotamt

302 1685 368 1750 isac
392 1683 534 1752 nostiam
557 1684 645 1752 irue-

300 1801 394 1864 tuum
418 1802 451 1863 et
474 1795 596 1882 optulit
619 1813 676 1864 su-

300 1925 360 1992 per
383 1907 536 1976 altarium
559 1908 662 1994 patris

302 2019 353 2086 sui
377 2019 467 2104 quod
490 2019 566 2088 iecit
589 2021 623 2086 in
648 2037 700 2088 ee-

302 2131 387 2198 bron
411 2138 445 2198 et
469 2130 545 2200 ieeit
567 2133 669 2200 saeri-

303 2241 414 2310 tieium
432 2229 582 2310 'satutare
605 2249 639 2310 et

302 2355 378 2422 ierit
402 2355 594 2422 conuiuium
616 2355 685 2424 iae-

301 2467 390 2534 titiae
413 2467 446 2535 in
470 2475 650 2554 conspeetu

300 2579 414 2648 ismael
437 2579 548 2674 fratris
571 2581 622 2648 sui
721 2579 726 2589 '

279 2693 318 2758 Et
342 2691 419 2759 ieoit
442 2692 593 2776 rebecca,

300 2801 492 2887 collyridam
515 2819 637 2871 nouam

299 2913 341 2980 de
364 2913 531 2982 trumento
555 2929 644 2982 nouo
690 2909 692 2915 '
779 2923 782 2932 ·

223 3079 228 3090 .
301 3031 335 3092 et
358 3025 450 3092 dedit
472 3043 545 3094 eam
569 3025 663 3094 iacob

301 3137 370 3205 tilio
395 3155 457 3206 sno
481 3143 518 3205 ut
541 3137 642 3206 inier-
686 3201 694 3216 ,

302 3257 353 3318 ret
376 3251 518 3319 ahrahae
541 3252 626 3336 patri

301 3381 362 3431 suo
386 3363 428 3431 de
452 3363 578 3448 primos
602 3359 710 3430 troo-²

300 3483 353 3544 tus
378 3481 484 3542 terrae
509 3481 545 3542 ut
567 3491 660 3542 man-

300 3587 435 3656 ducaret
458 3594 492 3655 ot
515 3587 617 3655 bene-

300 3697 431 3768 diceret·
446 3705 629 3792 creatorem

301 3810 449 3878 omnium
471 3811 663 3898 priusquam

300 3929 486 3990 moreretur
508 3928 542 3991 et
564 3922 631 3990 isao

301 4041 334 4100 et
357 4034 541 4104 transmisit
564 4051 624 4120 per

302 4162 420 4214 manus
444 4146 538 4214 iacob
561 4147 686 4232 optima

299 4257 535 4328 sacrificiorum
559 4275 609 4327 sa-

303 4370 458 4438 interium
482 4371 587 4457 ipsius
610 4379 643 4438 et

303 4482 417 4550 uinum
441 4483 527 4569 patri
550 4499 612 4552 suo

303 4594 459 4664 aomham
482 4603 520 4663 ut
541 4595 682 4664 mando-

302 4715 354 4775 oet
377 4715 411 4774 et
434 4707 524 4775 uiuat

280 4819 320 4884 Et
344 4818 559 4886 manducauit
583 4827 616 4886 et

301 4929 384 4998 uiuit
407 4930 561 4999 abraham
585 4941 619 4998 et
643 4933 702 5000 ue·

302 5041 427 5111 nedixit
450 5043 622 5112 domiuum
647 5047 777 5115 extet--

303 5173 378 5224 sum
403 5155 458 5242 qui
484 5157 608 5226 creauit
631 5173 705 5224 eae-

307 5267 377 5335 ium
401 5275 435 5336 et
459 5269 662 5354 terramqui

307 5379 382 5448 ieoit
407 5379 561 5449 uniuersa
587 5381 657 5466 pin-

307 5491 457 5576 meronie
482 5499 589 5561 terrae
683 5491 689 5513 ¹

307 5609 340 5672 at
362 5603 454 5676 dedit
479 5623 517 5674 ea
540 5603 616 5672 ntus
642 5605 703 5705 oo7

656 5710 782 5764 uanum

1186 567 1260 627 cent
1285 563 1468 626 creatorem

1186 673 1335 756 ipsorum
1360 679 1394 740 et
1418 687 1506 739 nuno
1530 689 1611 740 oon·

1188 786 1285 851 titeor
1308 801 1370 868 ego
1396 783 1478 852 done
1502 799 1598 852 meae

1187 898 1343 982 qnoniam
1368 898 1531 966 ostendis-

1190 1012 1212 1076 ti
1237 1010 1317 1078 mihi
1342 1011 1430 1080 diem
1454 1013 1542 1080 huno
1566 1019 1600 1079 et

1188 1139 1264 1189 ecoe
1289 1139 1351 1206 ego
1376 1139 1450 1189 sum
1474 1123 1560 1190 fitius

1189 1233 1334 1319 quinque
1359 1242 1392 1303 et
1416 1242 1547 1320 septua-

1188 1345 1277 1429 ginta
1301 1353 1492 1414 otrentum
1516 1363 1572 1414 an-

1188 1475 1308 1524 norum
1332 1458 1444 1526 senior
1467 1465 1501 1526 et
1524 1457 1597 1544 pie-

1187 1586 1249 1636 nus
1274 1569 1403 1636 dierum
1427 1576 1461 1637 et
1485 1586 1555 1637 oru-

1187 1697 1246 1747 nes
1270 1680 1342 1748 dies
1365 1681 1430 1749 moi
1455 1681 1591 1780 inerunt
1700 1728 1703 1736 .

1187 1794 1267 1860 mihi
1291 1794 1381 1879 pacis
1404 1801 1438 1862 et
1461 1794 1589 1880 gladius

1186 1905 1311 1973 inimihi
1336 1923 1402 1974 non
1427 1907 1533 1975 mina-

1187 2025 1241 2084 tus
1266 2023 1315 2084 est
1338 2015 1404 2086 mei
1427 2005 1460 2084 in
1485 2017 1590 2086 omni·

1185 2128 1248 2196 bus
1272 2127 1389 2197 diebus
1411 2129 1532 2214 quibus
1555 2129 1674 2198 dedisti

1189 2242 1269 2310 mihi
1292 2243 1347 2310 tos
1370 2243 1403 2310 in
1427 2242 1513 2311 iiiios
1537 2243 1594 2310 ist-

1188 2371 1226 2421 os
1251 2371 1344 2422 meos
1369 2354 1523 2424 omnibus
1547 2354 1664 2424 dutus

1189 2467 1277 2534 uitae
1300 2483 1393 2534 meae
1417 2483 1523 2551 usque
1546 2469 1580 2535 in

1188 2577 1276 2646 huno
1300 2575 1388 2644 diem
1414 2628 1466 2645 .....
1469 2594 1558 2646 nuno

1187 2690 1415 2758 misericordia
1439 2697 1494 2759 tua
1637 2765 1642 2780 ,

1186 2811 1218 2871 et
1243 2820 1306 2888 pan
1330 2810 1385 2872 toa
1409 2821 1511 2890 super
1534 2823 1613 2896 pue-

1189 2933 1262 2986 rum
1285 2917 1387 2986 istum
1411 2917 1544 2986 domine
1568 2923 1601 2986 et

1108 3083 1114 3096 .
1187 3045 1290 3114 super
1313 3047 1427 3098 semen
1451 3029 1523 3098 eius

1187 3147 1222 3208 ut
1247 3140 1313 3208 sint
1337 3139 1395 3209 tibi
1420 3141 1453 3208 in
1478 3159 1586 3227 popu-

1073 3295 1075 3300 ·
1184 3253 1253 3320 ium
1277 3253 1512 3338 acceptabilem

1184 3371 1217 3430 et
1241 3363 1408 3431 hereditas
1432 3381 1471 3431 ex
1496 3381 1564 3432 om-

1182 3475 1279 3544 nibus
1302 3475 1378 3544 tiliis
1403 3485 1510 3545 terrae
1534 3493 1574 3545 ex

1181 3587 1244 3654 hoe
1267 3569 1357 3654 none'
1378 3593 1411 3656 et
1435 3605 1540 3674 usqne
1565 3589 1596 3656 in

1181 3701 1335 3770 omnibus
1360 3701 1477 3770 diebus
1501 3719 1602 3788 gene-

1182 3812 1347 3881 rationum
1372 3821 1480 3882 terrae

1184 3927 1216 3992 in
1241 3925 1397 3995 uniuersa
1421 3927 1551 3996 saecuta

1164 4042 1205 4106 ut
1231 4038 1365 4107 uocauit
1388 4039 1543 4108 ahraham

1186 4149 1291 4220 tilium
1314 4169 1413 4218 sunm
1436 4159 1470 4219 et
1494 4151 1589 4222 iacob

1185 4271 1219 4330 et
1243 4261 1326 4330 dixit
1349 4271 1425 4331 nate
1447 4263 1542 4332 iacob

1185 4375 1359 4444 benedicat
1383 4383 1416 4445 te
1440 4376 1522 4444 deus
1547 4393 1616 4444 orn-

1185 4489 1276 4556 uium
1301 4495 1334 4556 et
1358 4487 1521 4556 contorta·

1184 4599 1232 4668 uit
1257 4607 1289 4667 te
1314 4601 1420 4668 iacere
1444 4601 1532 4668 ueri·

1185 4719 1286 4779 tatem
1310 4719 1343 4778 et
1366 4710 1522 4779 uotunta-

1185 4829 1250 4890 tem
1275 4839 1368 4891 suam
1392 4821 1426 4890 in
1450 4839 1549 4890 oons-

1181 4938 1278 5018 pectu
1303 4935 1374 5004 eins
1398 4941 1432 5002 et
1455 4933 1558 5020 olige-

1184 5061 1220 5112 re
1244 5045 1335 5122 inte
1360 5053 1393 5114 et
1415 5045 1449 5114 in
1473 5048 1572 5115 serni-

1184 5173 1224 5224 ne
1249 5163 1306 5224 too
1331 5175 1405 5226 esse
1429 5157 1477 5226 iiii

1183 5267 1347 5352 populum
1372 5275 1404 5336 ot
1428 5269 1461 5336 in
1486 5287 1547 5338 oo-

1183 5377 1354 5446 iumtatem
1377 5379 1448 5447 eiua
1473 5381 1508 5446 ita

1184 5491 1336 5560 omnibns
1361 5491 1478 5560 diebus
1501 5503 1535 5562 et
1558 5505 1592 5562 tu

1185 5609 1260 5672 nate
1282 5603 1377 5673 iacob
1400 5605 1553 5692 adproxi-

1666 5721 1685 5766 i>
