4690 6406
1233 139 1409 202 -5o-

1344 261 1487 386 tob-u..
1503 322 1618 390 decem
1643 329 1675 392 et
1699 332 1828 411 septem

464 325 536 390 ran.
556 345 585 391 u.
617 323 773 408 uit,terra
798 323 927 409 aegypti

457 439 540 504 xnt'
618 457 634 504 a
659 437 740 506 laeie
763 437 868 504 tamis·
892 443 926 504 et
950 454 1028 522 pos·
1498 437 1628 504 attacti
1652 445 1730 506 suut
1754 457 1870 508 omnes

613 549 697 616 sedit
722 548 838 634 ioseph
865 555 968 616 tutam

613 669 735 728 terram
759 661 887 746 aegypti
912 662 997 728 tara-

612 774 666 840 oui
691 775 724 842 in
749 791 833 842 esea·
858 791 935 840 uam
956 775 1022 843 ho-

612 887 717 955 miues
741 895 775 954 et
798 887 943 956 iumenta
969 893 1002 954 et

611 1001 766 1076 uniuersa
791 1001 971 1086 adquisibit
1027 1013 1030 1020 ·

614 1113 775 1198 pharaoni
812 1142 815 1151 f

590 1231 629 1294 nt
654 1228 873 1295 consummati
898 1236 975 1296 suut

612 1349 740 1426 septem
765 1342 841 1408 anni
866 1342 960 1408 lamis

612 1461 643 1520 et
670 1455 760 1521 dedit
783 1454 898 1539 ioseph
924 1473 985 1538 po-

614 1567 691 1652 pulo
718 1575 824 1635 terrae
849 1568 973 1634 semina

613 1691 645 1748 rt
670 1701 762 1750 esras
786 1690 822 1749 ut
847 1683 990 1749 semina-

612 1805 686 1862 rent
711 1803 833 1863 terram
857 1813 943 1863 anno

612 1917 740 1976 ortano·
766 1909 1015 1994 propterquod

474 2005 486 2020 '
613 2021 733 2088 tluuius
757 2022 950 2089 ascenderat

612 2135 643 2200 in
670 2151 802 2202 omnem
827 2141 949 2200 terram

611 2248 751 2333 aegypti·
775 2248 809 2315 in
833 2254 961 2332 septem

612 2363 699 2428 enim
724 2361 817 2428 aunis
842 2360 936 2426 lamis
962 2377 1027 2426 nou

614 2474 808 2540 ascenderat
831 2479 865 2541 et
889 2489 956 2540 non

611 2586 857 2672 adaquauerant
882 2585 945 2652 uisi

611 2698 740 2765 modica
768 2698 841 2777 loca
864 2717 961 2766 secus

612 2811 689 2880 litus
714 2813 869 2878 huminis·
894 2819 927 2879 et
1032 2855 1038 2868 ·

610 2925 859 2994 seminaberunt
883 2925 916 2992 in
941 2942 998 2990 an-

517 3093 523 3104 .
613 3056 656 3106 no
682 3045 801 3106 octauo
825 3037 968 3122 aegyptii

612 3159 733 3219 terram
758 3168 852 3218 suam
877 3157 911 3217 et

611 3265 817 3349 collegerunt
840 3264 930 3332 true-

612 3387 665 3446 tus
689 3379 796 3446 bonos
821 3379 853 3446 in
878 3395 965 3446 anno

610 3493 677 3561 illo·
703 3493 762 3560 llie
786 3511 891 3560 annus
915 3492 984 3577 pri·

502 3585 512 3600 ⁶
609 3625 684 3674 mus
703 3605 967 3692 septimanarum

611 3721 717 3806 quinti
741 3721 867 3806 quinto·
893 3727 926 3786 et
960 3700 965 3710 ¹

610 3832 884 3918 quadragensimo
907 3831 959 3900 iu·

611 3943 718 4011 beleo·
742 3951 776 4012 et
799 3944 926 4031 aceepit

611 4057 727 4144 ioseph
750 4058 900 4144 quintam
925 4077 1001 4144 par-

612 4177 679 4237 tem
704 4171 745 4238 de
770 4172 923 4240 omuibus
948 4173 1044 4258 quid-

610 4282 689 4367 quid
714 4291 828 4351 natum
852 4291 903 4352 est
927 4283 958 4350 in

612 4403 700 4462 terra
724 4396 854 4481 aegypti
878 4413 954 4482 per-

578 4527 582 4534 ·
612 4508 904 4594 tionem-regalem

612 4629 645 4688 et
670 4627 828 4706 quattuor
850 4628 963 4707 partes

612 4735 704 4804 dedit
728 4735 793 4803 illis
817 4735 852 4802 iu
875 4743 1008 4803 escam

610 4849 643 4916 in
667 4851 808 4919 semine·
830 4857 863 4918 et
880 4869 958 4936 pro-

609 4963 721 5046 posuit
743 4961 860 5048 iosepb
885 4981 957 5030 om-

610 5075 708 5142 nibus
732 5075 893 5160 aegyptiis
917 5077 980 5144 bue

608 5189 641 5256 in
666 5197 843 5276 praerepto
869 5190 902 5258 in
927 5198 979 5260 to-

609 5309 640 5370 ta
665 5311 752 5372 terra
777 5305 906 5392 aegypti
932 5323 1038 5392 usque

609 5415 642 5482 in
668 5417 755 5485 diem
780 5418 868 5486 hunc

586 5531 627 5594 Et
652 5530 734 5597 uiuit
758 5530 893 5600 istrahel
918 5533 957 5600 in

609 5648 697 5744 terra
721 5645 860 5730 aegypti
875 5647 970 5716 aunis

1496 549 1573 616 anni
1596 551 1684 620 uitae
1708 553 1780 622 eius
1804 569 1896 637 quos

1496 662 1578 730 uiuit
1602 663 1634 730 in
1660 665 1759 732 tertio
1784 665 1882 734 iube-

1496 776 1548 842 leo
1575 783 1709 844 eentum
1733 779 1875 862 quadra-

1496 888 1587 972 ginta
1611 896 1740 974 septem
1763 890 1859 958 aunis

1496 1010 1530 1068 et
1554 1003 1710 1070 defitiens
1736 1021 1829 1072 mor·
1902 1069 1906 1078 ,

1499 1125 1576 1185 tuus
1601 1125 1652 1186 est

1474 1236 1514 1300 nt
1539 1234 1819 1319 quadragensimo

1497 1346 1613 1430 quinto
1639 1347 1771 1416 iubeleo
1797 1347 1830 1414 in

1496 1479 1582 1528 anuo
1608 1469 1725 1548 quarto
1750 1462 1853 1546 septi-

1496 1595 1667 1644 manarum
1691 1578 1797 1661 quinti

1494 1689 1662 1757 benedixit
1685 1689 1819 1758 istrahel
1902 1727 1908 1740 ·

1495 1805 1580 1872 idios
1603 1823 1682 1872 suos
1706 1805 1899 1890 priusquam

1491 1926 1680 1986 moreretur
1703 1926 1736 2001 et
1760 1919 1844 1986 indi-

1498 2030 1585 2097 cauit
1608 2047 1876 2116 quaecumquae-

1497 2159 1647 2230 uumque
1662 2153 1803 2213 uentura
1827 2163 1882 2214 es-

1497 2264 1571 2325 sent
1596 2257 1700 2326 eisin
1726 2265 1813 2326 terra
1836 2277 1892 2326 ae-

1498 2371 1587 2456 gypti
1610 2370 1643 2437 iu
1668 2372 1859 2440 nouissimis

1496 2484 1615 2552 diebus
1638 2487 1679 2551 nt
1702 2484 1871 2552 benedixit

1496 2616 1565 2665 eos·
1591 2605 1624 2665 et
1648 2597 1765 2681 ioseph
1790 2598 1891 2664 bane-

1497 2712 1579 2780 dirit
1603 2711 1781 2797 dupliciter
1805 2711 1837 2778 in

1497 2833 1583 2892 terra
1608 2827 1649 2890 nt
1673 2822 1795 2890 dormi·

1495 2937 1544 3004 uit
1568 2954 1642 3003 cum
1666 2935 1816 3020 patribus
1840 2935 1910 3000 suis

1496 3057 1529 3115 et
1553 3027 1780 3132 sepultus'est
1806 3047 1839 3114 in
1864 3067 1897 3114 s-

1494 3160 1634 3246 pelunea
1659 3160 1782 3246 dupliei
1807 3161 1839 3227 in
1865 3169 1932 3228 ter-

1495 3291 1530 3339 ra
1555 3291 1678 3340 canaan
1702 3290 1799 3340 secus
1824 3273 1916 3340 abra-

1495 3381 1570 3448 ham
1594 3388 1722 3465 patrem
1746 3399 1844 3448 suum

1495 3493 1527 3560 in
1552 3491 1707 3578 sepulcro
1732 3511 1831 3578 quem
1855 3493 1902 3560 lo-

1495 3606 1544 3673 dit
1567 3605 1628 3673 sibi
1655 3605 1686 3672 iu
1712 3605 1858 3672 chebron
1904 3659 1907 3668 r

1496 3727 1528 3786 et
1553 3719 1643 3787 dedit
1666 3719 1844 3786 uniuersos

1496 3832 1598 3900 libros
1622 3849 1702 3900 suos
1725 3839 1758 3900 et
1782 3831 1885 3900 libros

1496 3944 1598 4030 patris
1622 3945 1674 4012 sui
1699 3943 1790 4012 leuui
1814 3944 1882 4012 silio

1495 4057 1828 4127 smmmmw

1497 4189 1556 4240 eos
1580 4179 1613 4239 et
1636 4179 1673 4240 ut
1698 4179 1838 4241 renouet

1496 4303 1556 4354 eos
1579 4286 1654 4353 filiis
1679 4287 1748 4356 suis
1770 4301 1879 4374 nsque

1498 4401 1529 4466 in
1555 4401 1643 4468 hune
1667 4401 1754 4470 diem

1330 4512 1438 4622 'Xbl'l
1474 4515 1514 4578 Et
1538 4513 1661 4580 laetum
1685 4521 1736 4581 est
1759 4521 1836 4599 post
1860 4531 1948 4580 mor-

1497 4633 1563 4693 tem
1588 4627 1681 4694 iacob
1705 4625 1901 4710 multiplicu-

1496 4741 1520 4806 ti
1546 4747 1623 4806 sunt
1647 4738 1704 4806 tilii
1728 4737 1864 4804 istrahel

1496 4853 1528 4918 iu
1554 4861 1639 4918 terra
1663 4849 1792 4934 aegypti
1817 4857 1851 4918 et
1874 4849 1937 4916 tar,-

1498 4964 1519 5030 ti
1544 4969 1623 5030 sunt
1645 4961 1678 5030 iu
1702 4967 1835 5045 gentem
1858 4979 1950 5046 mag-

1494 5093 1580 5144 num·
1608 5084 1641 5144 et
1665 5075 1740 5144 laeti
1764 5083 1843 5144 sunt
1866 5077 1942 5144 uui-

1494 5193 1619 5259 uuimes
1645 5189 1801 5258 cordibus
1826 5189 1895 5258 suis

1496 5313 1530 5372 ut
1555 5305 1730 5390 diligerent
1754 5303 1869 5389 singu-

1498 5419 1518 5485 ti
1545 5420 1664 5487 tratres
1689 5435 1780 5488 suos·
1807 5425 1840 5486 et

1494 5533 1692 5618 auliungebat
1716 5551 1752 5600 se
1776 5531 1842 5600 ira-

1495 5653 1545 5714 ter
1569 5665 1644 5716 curn
1668 5646 1820 5732 proximo
1846 5665 1935 5742 suo·
