4690 6406
490 391 589 452 liiii.
652 401 774 452 {tomen
799 391 834 452 θῑ
857 399 958 452 Olmie
983 399 1037 451 ὃθ-

651 515 728 565 men
754 495 902 564 diiomm
925 495 999 564 eins

651 621 768 696 gentes
792 619 892 679 ornnt
914 617 949 678 et
973 625 1051 678 cnm

651 725 806 808 gentibus
830 723 1040 809 deputabun-

653 836 1024 908 mmmfflfflm

624 933 627 940 ’
654 963 739 1020 tinus
763 951 828 1020 erit
852 951 886 1018 in
911 967 1028 1018 semen

651 1073 803 1134 ¹sanctum
819 1063 877 1152 qni
889 1081 966 1130 cnm
983 1060 1142 1146 gentibus

651 1197 718 1246 non
744 1175 988 1263 conputabitnn

518 1333 524 1344 ·
653 1289 812 1374 qnoniam
836 1289 871 1356 in
895 1293 990 1355 sorte

654 1402 778 1470 excelsi
803 1401 867 1469 erit
891 1399 1010 1486 qnoni-

655 1531 708 1580 am
733 1514 765 1580 in
791 1511 1025 1598 possesionem

654 1626 706 1692 dei
732 1625 852 1695 cecidit
876 1642 975 1694 omne
999 1641 1053 1692 se-

654 1759 731 1806 men
756 1741 830 1809 eius
854 1757 929 1808 esse
954 1739 1019 1808 deo

657 1855 688 1920 in
714 1853 878 1938 poputum
901 1853 1026 1920 sancti-

656 1968 789 2035 ticntnm
812 1985 853 2034 ex
870 1943 1034 2034 'omnious

654 2080 809 2164 gentibus
833 2079 906 2146 eius
930 2085 964 2146 et
989 2085 1027 2144 nt

655 2192 699 2256 sit
723 2209 863 2276 regnum
890 2207 1003 2256 secor-

657 2302 768 2370 dotele
792 2309 826 2370 et
850 2299 997 2386 populns

656 2421 791 2481 sanctus
816 2417 857 2480 Et
880 2410 1046 2480 abibimus
1168 2417 1177 2432 '

657 2527 746 2594 niam
769 2533 919 2594 nostram
942 2531 976 2592 et
999 2524 1047 2592 in-

659 2639 843 2708 dicnnimns
867 2657 979 2707 somne

659 2767 887 2836 quaecumque
911 2751 1035 2818 indicn-

661 2862 771 2929 nimns
795 2863 826 2929 ei
850 2869 883 2930 et
907 2862 1014 2947 ganisi

646 2981 740 3042 sunt
763 2974 897 3062 utrique
920 2973 1043 3058 gaudio

580 3141 586 3152 .
633 3143 639 3152 .
663 3105 783 3172 magno
808 3094 842 3155 et
866 3085 1017 3155 ecditicn-

665 3199 712 3266 nit
735 3198 803 3266 illic
825 3199 980 3268 altarium

663 3313 799 3380 domino
823 3312 879 3399 qni
904 3311 1055 3382 liberauit
1072 3333 1149 3380 enm

664 3431 697 3492 et
721 3424 845 3510 gratiae
869 3425 941 3492 eius
965 3423 999 3492 in

666 3547 788 3607 temam
812 3557 997 3610 commora-

667 3653 767 3722 tionis
790 3672 870 3723 sune

645 3769 685 3832 Et
709 3765 786 3833 iecit
809 3767 898 3834 diem
922 3769 1043 3836 testum

669 3879 811 3946 laetitiae
836 3879 1008 3946 inmense

669 3993 733 4058 hoc
755 3998 885 4078 septem
908 3989 980 4058 dies
1005 4007 1055 4058 se

670 4123 728 4172 cns
752 4103 904 4173 alterium
928 4111 961 4172 et
984 4121 1041 4172 ne-

670 4217 816 4286 ditienuit
839 4215 992 4286 taberne-

671 4328 744 4398 cnia
768 4329 832 4397 sibi
855 4337 889 4396 et
912 4303 1042 4398 sernis'
1153 4387 1155 4392 .

629 4531 631 4534 Ι
671 4442 741 4512 suis
752 4443 798 4526 jn
823 4441 876 4508 die
899 4441 984 4508 testo
1009 4442 1072 4508 hon

672 4562 705 4623 ot
729 4554 782 4622 hic
806 4552 933 4639 primns
958 4553 1034 4620 iecit

672 4668 760 4738 diem
784 4669 906 4736 testum
931 4667 1041 4736 taben-

672 4780 866 4849 nacniomm
890 4797 993 4866 snper

672 4903 793 4962 terram
818 4901 851 4962 et
875 4894 909 4977 in
932 4893 1050 4962 diebus

672 5012 743 5074 emt
767 5005 910 5074 offerens
934 5023 995 5090 pen

674 5117 823 5202 singulos
847 5115 919 5186 dies
942 5133 1044 5201 snper

673 5232 775 5300 nitere
797 5231 943 5302 innctnm
966 5229 1102 5302 domino
1147 5281 1152 5290 .

674 5343 798 5412 nitnios
823 5341 908 5412 duos
932 5319 965 5410 e⁸t
990 5343 1076 5410 enie-

673 5467 723 5528 tes
747 5457 831 5526 dnos
856 5475 939 5527 oues
962 5467 1090 5543 septem

673 5579 707 5641 et
730 5571 858 5640 hircum
883 5589 1055 5656 caprarum

673 5701 777 5754 unum
801 5700 861 5768 pro
886 5683 1030 5770 peccetis

1267 198 1447 260 ..pn-

1385 381 1483 444 :nto
1542 379 1711 468 propitiari
1735 377 1770 446 in
1793 377 1868 464 ipso
1892 393 1953 464 pro

1545 513 1581 562 se
1605 501 1640 562 et
1662 509 1724 578 pro
1747 491 1874 560 semine
1897 509 1960 558 sno

1544 619 1572 672 et
1596 607 1630 672 in
1652 603 1850 672 sacrificinm

1542 719 1686 786 solutore
1709 717 1831 784 arietes

1541 839 1670 916 septem
1692 829 1798 898 hedos
1822 846 1902 914 sop-

1458 973 1467 986 ·
1544 951 1611 1031 tem
1635 959 1718 1009 ones
1742 947 1872 1026 septem

1545 1063 1577 1120 ct
1603 1054 1714 1122 hircos
1739 1060 1870 1138 septem

1542 1177 1575 1236 et
1599 1166 1759 1234 sacrificia
1782 1166 1934 1250 ipsorum

1545 1291 1578 1348 et
1602 1279 1718 1350 ninnm
1741 1279 1903 1364 ipsorum

1546 1401 1578 1459 et
1603 1391 1795 1458 uniuersam
1817 1389 1949 1476 adipem
2051 1473 2057 1482 ,

1549 1522 1666 1572 comm
1691 1511 1763 1572 emt
1786 1503 1901 1572 incen-

1548 1619 1631 1684 dens
1655 1635 1758 1702 snper
1779 1617 1874 1684 nitori

1547 1845 1666 1913 ostiam
1689 1845 1723 1912 in
1747 1844 1886 1914 odorem

1545 1959 1719 2028 suauitatis
1742 1965 1778 2026 et
1799 1975 1895 2027 mene

1545 2077 1578 2140 et
1601 2089 1779 2158 uesperam
1802 2080 1873 2140 emt

1546 2185 1726 2254 incendens
1751 2185 1863 2254 ineen-

1546 2315 1620 2364 snm
1645 2296 1899 2382 compositionis

1547 2412 1693 2480 titianum
1717 2418 1751 2480 et
1775 2410 1884 2494 gelba-

1548 2543 1628 2592 nnm
1652 2533 1686 2592 et
1709 2531 1837 2594 stetten
1862 2531 1896 2590 et

1547 2637 1687 2706 nardum
1712 2643 1746 2704 et
1770 2653 1913 2721 myrram

1547 2757 1581 2816 et
1605 2747 1730 2833 spicam
1754 2755 1788 2816 et
1812 2755 1943 2816 costum

1547 2869 1680 2950 septem
1703 2863 1763 2932 ins
1787 2863 1918 2948 species

1550 2974 1691 3043 mundns
1714 2983 1786 3043 emt
1809 2975 1921 3044 incen-

1366 3093 1373 3102 '
1448 3093 1473 3156 ti.
1545 3089 1628 3157 dens
1652 3089 1801 3158 concisos
1825 3097 1858 3158 et
1882 3109 1938 3158 ne-

1551 3199 1693 3286 qnaiiter
1715 3201 1836 3270 mixtas

1531 3316 1574 3380 nt
1596 3312 1673 3380 iecit
1696 3313 1786 3381 diem
1809 3313 1930 3381 testum

1549 3427 1639 3494 huno
1662 3443 1723 3510 per
1746 3432 1876 3510 septem

1552 3541 1625 3609 dies
1647 3540 1805 3626 nepnlans
1830 3539 1863 3606 in
1889 3546 1938 3606 to-

1550 3659 1585 3720 to
1610 3652 1711 3720 corde
1734 3671 1796 3720 suo
1821 3659 1854 3720 et
1879 3652 1911 3718 in
1936 3671 2011 3719 om-

1552 3766 1586 3834 ni
1609 3765 1716 3833 anima
1741 3783 1800 3834 sun
1824 3766 1896 3851 ipse
1920 3775 1953 3834 et

1553 3879 1701 3948 uniuersi
1725 3879 1886 3948 domesti-

1552 3991 1581 4060 ci
1605 3991 1657 4059 sni
1681 3999 1715 4060 et
1738 3991 1846 4060 omnis
1870 3991 1946 4060 elie·

1553 4123 1616 4173 nus
1640 4121 1707 4172 non
1731 4111 1803 4171 emt
1826 4121 1901 4170 cnm

1552 4218 1634 4304 ipsis
1657 4225 1691 4286 et
1715 4215 1823 4284 omnis
1848 4217 1911 4283 cic-

1554 4329 1720 4398 cnmeisns
1744 4337 1778 4398 et
1801 4329 1903 4397 bene-

1554 4443 1637 4511 dixit
1660 4450 1843 4511 crentorem
1868 4461 1964 4512 snum

1557 4555 1613 4640 qni
1637 4555 1762 4652 creenit
1787 4553 1879 4621 ilium

1556 4667 1632 4752 qnia
1656 4667 1814 4752 cognonit
1837 4675 1870 4734 et
1894 4669 1955 4734 sci-

1555 4781 1604 4849 uit
1627 4780 1701 4866 quin
1726 4799 1766 4848 en
1790 4779 1863 4865 ipso
1888 4781 1948 4847 enit

1555 4891 1715 4977 plantatio
1739 4891 1859 4960 nerin-

1556 5006 1598 5073 tis
1623 5006 1656 5072 in
1680 5004 1899 5090 generationi·

1556 5117 1619 5186 bus
1643 5117 1786 5186 aeternis
1809 5125 1842 5184 et
1867 5135 1907 5184 ex
1933 5118 1982 5202 ip-

1556 5249 1594 5298 so
1618 5247 1732 5299 semon
1756 5237 1907 5298 sanctum

1502 5367 1509 5382 ·
1554 5349 1592 5410 ut
1615 5341 1658 5410 sit
1681 5343 1866 5411 secundnm

1555 5453 1619 5522 hoc
1643 5455 1699 5540 qni
1722 5455 1846 5523 creauit
1871 5457 1942 5524 nni·

1554 5583 1651 5634 nerse
1674 5574 1708 5635 et
1731 5567 1900 5636 benedixit

1555 5686 1588 5748 et
1611 5679 1744 5767 gauisus
1768 5689 1819 5748 est
1843 5689 1876 5748 et
