4690 6406
480 439 577 500 :ton
641 449 757 501 narum
781 430 860 501 anni
882 428 991 517 ipsius

639 545 776 616 secundi
801 543 933 632 peperit
957 559 1013 610 re-

633 659 749 750 becca
776 657 854 728 isac·
880 657 968 726 duos
992 654 1035 722 li·

641 773 715 840 lios·
739 788 829 840 esau·
857 776 892 838 et
914 767 1024 836 iacob·

639 891 671 950 et
695 891 767 953 erat
790 882 895 952 iacob·
920 879 1010 950 lenis

568 1012 579 1024 ·
639 1003 820 1066 etractus·
847 1001 988 1064 etesau

643 1117 713 1178 crat
738 1110 845 1178 durus
869 1115 902 1176 et
925 1105 982 1174 uir
1078 1155 1082 1162 .

640 1225 829 1291 rusticanus
853 1227 887 1288 et
911 1218 998 1306 pilo-

641 1355 699 1402 sus
724 1343 758 1404 et
781 1333 887 1402 iacob·
912 1331 1067 1400 babitans

640 1449 672 1514 in
699 1446 921 1518 tabernaculis
945 1451 980 1514 et
1094 1499 1099 1510 .

535 1623 540 1634 ,
642 1567 823 1630 creuerunt
847 1565 881 1628 et
905 1558 1002 1628 iube-

641 1692 700 1742 nes
724 1673 801 1742 lacti
825 1679 903 1742 sunt
926 1672 1027 1742 ambo

641 1795 675 1855 et
699 1788 814 1858 didicit
837 1788 934 1858 iacob
957 1787 1015 1856 lit-

641 1911 728 1973 teras
752 1911 786 1972 et
809 1921 891 1973 esau
914 1921 982 1972 non
1066 1931 1071 1940 ·

639 2017 753 2086 didicit
776 2015 935 2102 quoniam
958 2014 1021 2082 bo

640 2147 697 2200 nro
720 2133 792 2198 erat
815 2127 956 2213 agrestis

640 2249 673 2308 ot
698 2241 841 2309 benator
864 2237 924 2306 sed
947 2236 1000 2306 di·

641 2353 721 2422 dicit
742 2351 869 2422 bellum
893 2357 927 2419 et
951 2349 1028 2418 uni-

639 2482 737 2534 uersa
762 2481 865 2550 opera
890 2462 963 2532 eius

640 2581 735 2644 erant
758 2575 842 2644 dura
865 2581 899 2643 et
923 2573 1000 2642 dili-

640 2688 738 2772 gebat
761 2683 918 2756 abrabam
942 2687 991 2754 ia·

601 2804 604 2810 ’
639 2801 761 2870 nobum
785 2805 818 2868 et
842 2799 910 2867 isac
934 2797 1012 2866 dili-

641 2913 740 2999 gebat
762 2931 843 2982 esau

618 3027 659 3094 ut
682 3025 818 3094 uidebat
841 3023 1000 3094 abrabam

542 3139 569 3204 o.
641 3153 742 3224 opera
767 3153 848 3206 esau
872 3143 906 3206 ot
930 3136 1017 3205 scie-

639 3251 696 3319 bat
720 3249 878 3336 quoniam
902 3249 935 3318 in
961 3249 1007 3317 ia-

641 3363 703 3432 cob
728 3361 904 3432 uocabitur
927 3361 974 3430 illi

641 3491 755 3544 semen
779 3481 814 3542 et
837 3491 960 3544 noman
1093 3503 1095 3510 ·

641 3593 675 3656 et
697 3587 831 3670 undabit
853 3608 902 3656 re-

641 3701 775 3770 beccam
798 3709 832 3770 et
855 3701 1027 3772 mandauit

517 3903 521 3910 ι
642 3813 689 3881 illi
712 3831 774 3900 pro
799 3815 894 3884 iacob
918 3817 1036 3902 utoni

642 3913 695 3992 anx
719 3923 790 4011 ipsa
815 3924 972 4012 diligebat

642 4035 735 4104 iacob
760 4035 937 4124 plusquam
959 4055 1040 4107 esau
1113 4079 1120 4088 ·

620 4151 662 4216 ut
686 4147 768 4217 dixit
791 4148 838 4218 illi
863 4149 928 4218 lilia
954 4169 1032 4220 cus·

643 4257 712 4328 todi
736 4261 770 4328 in
794 4261 929 4332 nomine
953 4265 993 4332 li·

643 4371 677 4440 lii
695 4372 766 4440 ¹mei
791 4372 884 4442 iacob
909 4375 1029 4460 quoni-

555 4543 557 4550 ,
644 4501 697 4551 arn
721 4483 774 4552 bic
798 4483 878 4552 mibi
903 4485 1033 4554 erit...

644 4597 761 4668 nitatio
785 4615 888 4686 super
912 4607 979 4668 ter-

644 4727 714 4778 ram
738 4717 771 4780 et
794 4711 829 4779 in
851 4711 1009 4782 bencdic—
1053 4707 1056 4720 “

644 4823 734 4892 tione
758 4843 861 4911 super
883 4825 972 4894 filios

641 4937 812 5006 bominum
836 4946 870 5008 et
893 4939 970 5008 uni-

640 5051 731 5120 uersi
755 5051 891 5120 seminis
916 5051 982 5118 mei

645 5162 1059 5250 gmmmw

644 5277 732 5346 bunc
755 5275 855 5362 elegit
878 5275 961 5344 deus
984 5275 1046 5345 sibi

644 5389 677 5457 in
701 5387 862 5476 pandum
886 5395 1038 5457 sanctum
1062 5407 1103 5456 ex

641 5505 797 5575 omnibus
820 5503 954 5591 populis
979 5504 1035 5590 qni

643 5625 722 5690 sunt
746 5633 848 5702 super
870 5617 988 5688 taciem

643 5735 747 5807 totius
772 5735 878 5800 tarrae

1255 215 1489 306 -aa-'

1380 423 1477 488 liin.
1535 431 1567 490 et
1591 441 1668 492 ecce
1692 425 1759 493 isac
1782 425 1888 511 diligit

1530 553 1610 604 esau
1633 555 1736 623 super
1755 537 1853 608 iacob
1877 547 1911 608 et

1530 665 1592 731 ego
1617 647 1717 716 uideo
1741 650 1935 738 to'diligen-

1534 767 1600 827 tem
1624 761 1657 828 in
1682 761 1823 830 ueritate
1846 763 1947 838 iacob.

1508 872 1607 942 ,ldice
1630 873 1738 942 adbuc
1759 875 1901 960 amplius

1534 993 1571 1053 nt
1594 1004 1709 1072 parcas
1733 987 1780 1056 illi
1805 996 1838 1058 et
1862 991 1928 1059 sint

1534 1099 1621 1168 oculi
1645 1101 1692 1169 tui
1717 1119 1920 1186 supereum

1534 1215 1566 1280 in
1591 1213 1768 1283 dilectione
1791 1217 1947 1301 quoniam

1532 1328 1603 1412 ipse
1627 1327 1689 1394 erit
1713 1327 1809 1396 nobis
1833 1327 1866 1395 in
1891 1329 1947 1398 be-

1532 1439 1722 1516 nedictione
1746 1458 1848 1526 super

1454 1627 1467 1650 .
1533 1561 1656 1622 terram
1680 1559 1713 1620 et
1736 1570 1778 1620 ex
1801 1553 1865 1620 boc

1531 1673 1694 1752 eiusque
1718 1665 1752 1733 in
1777 1665 1868 1732 omni
1892 1683 1991 1752 gene—

1532 1779 1665 1848 ratione
1690 1785 1799 1846 terrae
1824 1795 1903 1847 con-

1534 1894 1701 1976 calescant
1724 1909 1804 1977 ergo
1828 1908 1899 1958 ma-

1532 2025 1595 2075 nus
1619 2012 1695 2074 tuae
1719 2011 1753 2073 et
1776 2003 1901 2089 gaude-

1531 2127 1563 2187 at
1587 2134 1647 2187 cor
1669 2125 1766 2186 tuum
1789 2117 1822 2184 in
1846 2118 1916 2186 lilio
1988 2107 1992 2116 ’

1531 2239 1590 2300 tuo
1614 2231 1708 2300 iacob
1734 2230 1891 2318 quoniam

1532 2345 1642 2431 ipsum
1666 2343 1765 2412 dilexi
1790 2347 1893 2430 super

1533 2471 1650 2524 omnes
1674 2454 1761 2523 filios
1784 2473 1879 2526 meos

1532 2577 1671 2656 propter
1694 2567 1785 2654 quod
1808 2568 1842 2636 in
1866 2587 1922 2638 ae-

1529 2690 1660 2750 teruum
1683 2663 1860 2750 benedice-

1530 2802 1586 2865 tur
1609 2802 1642 2862 et
1667 2811 1782 2864 semen
1806 2795 1878 2864 eius

1533 2915 1566 2976 et
1590 2907 1653 2976 erit
1677 2908 1839 3004 couniens
1951 2981 1955 2990 ,

1444 3083 1448 3090 .
1531 3037 1665 3089 omnem
1689 3027 1813 3089 terram

1452 3191 1458 3202 .
1533 3137 1561 3204 si
1585 3134 1710 3222 poterit
1734 3152 1814 3221 ergo
1838 3134 1901 3204 bo-

1528 3266 1584 3316 mo
1609 3265 1785 3317 numerare
1808 3248 1868 3316 ba·
1923 3265 1927 3274 ·

1531 3378 1645 3430 renam
1669 3367 1777 3430 terrae
1801 3365 1835 3428 et

1528 3475 1735 3544 numerabile
1759 3475 1822 3544 erit

1529 3604 1644 3656 semen
1669 3587 1741 3656 eius
1765 3595 1800 3657 et
1822 3589 1898 3656 uni-

1499 3718 1642 3770 ·uersae
1666 3699 1873 3770 benedictio-

1526 3831 1586 3882 nes
1610 3831 1692 3900 quas
1715 3812 1885 3882 benedixit

1434 3988 1438 3996 .
1525 3947 1578 3998 me
1602 3929 1686 3998 deus
1710 3935 1743 3997 et
1767 3945 1884 4008 semen
1906 3947 1977 3997 me-

1528 4059 1584 4112 um
1608 4043 1703 4112 iacob
1726 4050 1760 4112 et
1784 4043 1904 4112 semini

1528 4157 1600 4224 eius
1624 4164 1723 4225 erunt
1747 4157 1902 4226 omnibus

1527 4270 1654 4344 diebos,
1669 4277 1702 4339 et
1726 4269 1760 4338 in
1784 4269 1910 4339 semine

1525 4383 1597 4451 eius
1621 4383 1840 4452 benedicetur

1530 4513 1653 4564 nomen
1676 4513 1789 4566 mcum
1813 4505 1847 4565 el
1870 4477 1931 4565 no-

1530 4626 1606 4677 men
1631 4614 1763 4694 patrum
1787 4626 1878 4678 meo-

1530 4738 1605 4788 rum
1629 4737 1701 4790 sem
1725 4739 1789 4790 noe
1813 4722 1921 4790 enoch

1529 4833 1668 4902 malalee
1692 4833 1798 4902 henos
1822 4842 1856 4904 el

1530 4942 1626 5012 adam
1650 4952 1683 5012 el
1707 4945 1770 5032 ipsi
1795 4953 1893 5014 erunt

1528 5057 1741 5128 fundamenta
1766 5077 1891 5145 ponen-

1528 5177 1578 5237 tes
1603 5171 1684 5238 caoli
1709 5179 1742 5240 et
1767 5170 1888 5242 conllr'-
1935 5225 1938 5236 .

1530 5288 1659 5350 mantes
1683 5291 1806 5352 terram

1530 5401 1567 5462 ut
1590 5407 1812 5481 agnoscantur

1531 5508 1686 5577 uniuersa
1710 5511 1847 5580 lumino-

1533 5621 1580 5688 ria
1604 5619 1802 5692 firmamenti
1824 5634 1859 5692 et

1531 5733 1664 5802 uocauit
1686 5735 1842 5805 abrabam
