4690 6406
1229 205 1412 276 -lo-
1948 271 1953 278 .

460 361 654 464 sphalmata
682 383 703 440 a
730 355 862 440 Graeco
885 366 983 440 textu
1000 358 1198 464 repetenda.
1219 363 1285 440 Pro
1348 361 1383 442 in
1411 361 1540 463 rprihus
1572 365 1665 464 post:
1695 357 1799 440 Liber
1831 359 1874 440 de
1903 359 2044 464 fihohus
2077 362 2175 440 Adue

460 491 533 591 ipsa
563 489 701 568 demum
729 495 845 568 textus
871 489 1064 592 Aethiopici
1084 487 1286 594 interpreta—
1348 491 1438 572 alius
1456 491 1574 594 adjicit
1591 491 1689 571 dicto
1707 515 1904 596 cpeoceeoo,
1923 492 2012 572 alius
2038 493 2175 574 Lectum

460 619 553 696 tione
585 615 717 718 aliquid
747 639 850 720 spero
890 617 1090 697 collaturam
1132 626 1286 698 nostram
1347 643 1512 726 psaesens
1539 643 1633 726 opp„
1661 619 1751 700 alius
1769 619 1832 700 hoc
1850 625 1903 698 ιιι
1922 619 2173 726 leptogenesis,

460 749 672 839 versionem;
707 747 802 850 quod
834 755 1002 852 qnantum
1036 748 1190 828 laturum
1223 749 1283 844 sit,
1346 771 1524 854 opocapp„
1551 747 1641 828 alius
1668 746 1806 828 demum
1834 749 1885 826 sic
1921 756 2028 830 totum
2061 749 2175 830 locum

453 875 629 977 judicabit
656 875 731 980 ipsc
758 875 942 974 llillmauu,
972 877 1029 956 vel
1048 876 1208 980 quisquis
1220 898 1287 955 no
1348 876 1506 956 exhibet:
1536 873 1640 956 biber
1666 875 1728 982 poi
1752 875 1949 982 appellatur
1968 876 2066 955 Adue
2087 879 2175 982 lepte

458 1027 537 1082 vam
566 1005 659 1084 illius
687 1005 881 1086 versionem
909 1005 1079 1084 molietur.
1100 1004 1169 1086 Sed
1187 1003 1289 1108 quid·
1349 1031 1524 1114 peuesoor.
1553 1005 1608 1088 lix
1641 1007 1696 1088 his
1727 1013 1871 1110 apparet
1905 1027 1986 1085 vere
2019 1015 2173 1086 nostrum

457 1133 541 1236 quid
554 1135 623 1214 siut
636 1135 751 1214 omnia
765 1133 970 1231 ista,docti,
992 1142 1029 1213 ut
1047 1133 1194 1230 conlido,
1215 1155 1284 1214 non
1316 1239 1319 1246 1
1346 1135 1473 1218 librum
1501 1134 1649 1216 eundem
1677 1157 1756 1214 cum
1784 1133 1845 1212 illo
1873 1141 2030 1230 esse,.et
2063 1135 2173 1214 solum

458 1263 632 1362 ingratum
664 1286 791 1343 munus
824 1263 939 1342 dicent
967 1263 1150 1342 editionem
1178 1263 1285 1366 Frag·
1346 1264 1485 1346 titulum
1504 1285 1667 1365 graecum
1686 1263 1946 1366 corruptissime
1965 1263 2000 1342 in
2015 1263 2174 1366 pluribus

457 1399 650 1470 orentomm
677 1393 806 1471 veteris
824 1392 995 1472 versionis
1013 1391 1139 1472 latinae
1158 1393 1284 1474 hucns-
1347 1393 1454 1474 luisse
1480 1393 1664 1500 scriptum
1700 1391 1904 1496 praesertim
1938 1391 1968 1470 si
2003 1391 2175 1472 coaluisse

457 1543 525 1624 que
554 1521 751 1620 incognitae
778 1519 894 1624 operis
920 1520 1160 1618 curiosissimi,
1191 1521 1286 1624 qnod
1347 1521 1498 1626 duplicis
1524 1521 1639 1628 operis
1667 1519 1805 1604 titulum
1832 1521 1869 1604 ιιι
1896 1520 1965 1602 illis
1993 1519 2174 1602 codicibus

457 1650 650 1751 plurimum
679 1658 890 1754 usurparunt
917 1647 1055 1746 Graeci,
1084 1672 1153 1730 non
1180 1651 1282 1752 igno-
1346 1648 1493 1746 dixeris
1522 1647 1616 1754 quod
1643 1656 1757 1732 ιιιιιιιι
1785 1649 1846 1730 vix
1875 1647 2171 1730 emerendam

457 1785 623 1856 caverunt
641 1779 768 1874 Latini,
789 1787 823 1857 et
842 1801 942 1858 usum
963 1777 1101 1858 videtur
1118 1778 1284 1859 habuisse
1345 1777 1447 1858 etiam
1475 1776 1597 1858 titulus
1623 1777 1666 1858 dc
1689 1775 1830 1884 plebes
1858 1777 1957 1858 Adue
1974 1778 2087 1882 potuit
2106 1779 2174 1858 lor-

457 1929 525 1986 uon
553 1907 733 1988 minimum
761 1909 850 1988 inter
876 1908 971 2012 ipsos
1000 1907 1187 1988 Hebraeos.
1214 1909 1283 2004 Qui
1346 1915 1437 1987 tasse
1479 1906 1569 1988 libro
1609 1914 1727 1988 nostro
1765 1895 1856 2002 indi,
1900 1915 1939 1988 ut
1979 1905 2039 1988 alii
2080 1906 2171 2012 apud

458 2059 542 2115 vero
575 2037 683 2116 veteri
725 2037 993 2140 orthographiae
1034 2036 1160 2117 latinae
1201 2037 1284 2116 dant
1347 2036 1543 2140 hethiopes,
1563 2035 1624 2140 qui
1638 2043 1752 2116 tarum
1767 2035 1931 2116 rectiores
1944 2043 2044 2130 sunt;
2060 2057 2172 2116 senno

456 2187 607 2266 operam,
635 2165 766 2270 bonum
791 2167 826 2244 in
845 2167 1056 2244 membranis
1074 2167 1201 2246 nostris
1220 2165 1283 2244 do·
1346 2165 1437 2244 enim
1465 2187 1606 2268 quoque
1632 2163 1676 2246 de
1709 2163 1849 2246 filiabus
1881 2163 1977 2244 hdae
2011 2165 2048 2246 iu
2083 2164 2171 2246 libro

457 2301 655 2374 numentum
684 2295 872 2373 habebunt.
903 2295 1030 2373 llerum
1059 2301 1097 2372 ιιι
1128 2295 1163 2372 iu
1198 2295 1284 2374 haec
1345 2295 1506 2390 caconit,
1536 2317 1615 2376 cum
1643 2291 1789 2376 Genese
1813 2293 1944 2374 nullam
1963 2293 2170 2397 peculiarem

456 2422 570 2500 omnia
598 2421 800 2522 diligentins
828 2423 1011 2526 inquiram,
1040 2422 1148 2502 otium
1176 2421 1282 2519 deest,
1346 2445 1464 2502 earum
1493 2423 1700 2502 montionem
1727 2419 1871 2524 injiciat.

456 2556 489 2627 ut
508 2551 617 2628 satius
635 2559 719 2654 puto
738 2551 815 2630 aliis
833 2552 1040 2654 relinquere,
1063 2558 1100 2630 ut
1119 2551 1284 2654 operibus
1400 2549 1622 2632 Continenter
1649 2553 1786 2632 Porcus
1816 2547 1955 2640 Geocu',
1975 2557 2013 2628 ul
2031 2557 2174 2654 apparet

457 2675 595 2755 ineditis
627 2679 684 2758 vel
718 2679 808 2758 male
839 2678 942 2758 editis
975 2679 1283 2759 hmbrosianorum
1348 2703 1391 2758 ex
1425 2677 1543 2760 eadem
1581 2679 1752 2782 scriptura
1780 2685 1814 2758 ot
1841 2701 1885 2758 ex
1914 2701 2061 2758 numero
2088 2701 2173 2784 puc-

457 2803 615 2886 oodioum
643 2831 783 2910 operam
810 2831 946 2888 navem.
1348 2809 1555 2900 ternionem,
1583 2829 1686 2910 quem
1715 2806 1876 2888 indicabo
1904 2808 1939 2886 in
1967 2808 2174 2910 norisne

509 2935 579 3014 hoc
605 2935 665 3016 illa
693 2937 801 3036 igitur
828 2959 918 3038 qnae
937 2938 1080 3018 Veteres
1099 2945 1284 3016 servarunt
1347 2943 1513 3037 sequente
1541 2935 1585 3015 ab
1614 2935 1657 3014 iis
1685 2935 1779 3014 illius
1806 2935 1897 3032 libri,
1918 2935 2077 3038 sequitur
2094 2957 2179 3039 pars

458 3061 536 3140 libri
556 3063 675 3160 nostri,
698 3063 872 3143 ullatenus
889 3065 1075 3166 attingam;
1096 3065 1195 3145 adeat
1223 3065 1284 3168 qui
1347 3065 1601 3171 Αιιιιιιιριιοιιιι
1656 3065 1797 3160 Mosis,
1852 3087 1957 3168 quern
2011 3065 2174 3145 ineditam

457 3190 541 3268 velit
582 3191 778 3282 Fabricium
820 3193 843 3271 l.
869 3217 930 3290 ι,
964 3201 998 3272 ιι
1031 3193 1204 3274 Dillmann
1239 3192 1284 3274 ad
1347 3193 1487 3272 omnino
1514 3201 1609 3297 puto,
1638 3193 1667 3272 si
1697 3201 1811 3272 tamen
1838 3192 2074 3274 aliaomnino
2092 3215 2112 3272 a
2131 3193 2175 3271 h-
2291 3263 2296 3280 ,

458 3319 586 3400 calcem
615 3307 786 3402 versionis
815 3321 1055 3422 Germanicae,
1085 3325 1146 3428 qui
1182 3323 1284 3427 plura
1346 3321 1410 3401 bro
1447 3321 1584 3400 Peh'rot
1618 3320 1775 3418 dlocoeh,
1812 3320 1857 3400 de
1897 3345 1969 3424 quo
2010 3321 2177 3402 nonnulla

458 3448 502 3526 de
536 3449 624 3530 libro
657 3460 906 3532 commentatus
940 3461 1007 3549 est,
1044 3459 1078 3530 et
1110 3457 1283 3546 auotmes,
1348 3449 1456 3528 habos
1487 3449 1523 3526 in
1560 3449 1732 3546 Fabricio,
1768 3447 1791 3526 l.
1821 3469 1870 3545 a,
1901 3449 2102 3551 praesertim
2131 3473 2176 3528 ex

459 3601 547 3678 quos
566 3577 657 3658 idem
676 3581 803 3660 excitat
821 3581 857 3660 in
876 3581 986 3661 Praei.
1008 3581 1053 3661 od
1071 3581 1161 3660 Edit.
1183 3580 1284 3660 heth.
1348 3576 1523 3658 Edwardo
1564 3575 1762 3654 bernhardo
1803 3574 1847 3655 ad
1882 3575 2027 3682 losephi
2067 3575 2173 3656 Hah:

460 3731 494 3808 p.
526 3707 568 3785 ll.
598 3706 878 3788 Animadvertam
908 3718 1021 3790 lamen
1041 3710 1230 3788 Eusebium
1248 3709 1284 3786 in
1349 3709 1469 3812 dula'q.
1503 3707 1596 3800 lud,
1629 3707 1704 3786 lib.
1738 3705 1800 3804 lV,
1840 3705 1924 3810 Cap.
1960 3705 2042 3802 ult,
2085 3728 2177 3809 quae

465 3834 644 3930 Chronico,
659 3836 714 3915 ed.
729 3837 810 3934 bloi,
826 3837 912 3916 δι’.
925 3838 965 3915 N.
983 3837 1034 3934 G,
1051 3837 1139 3934 Vlll,
1155 3860 1190 3940 p.
1208 3837 1280 3916 nul
1348 3843 1503 3937 prostant
1530 3835 1632 3914 etiarn
1666 3835 1701 3944 in
1735 3833 1895 3912 Editione
1928 3835 2170 3938 llavercampi.

461 3971 494 4040 ιι
522 3985 634 4065 seqq,
662 3987 766 4066 saepe
799 3963 995 4043 adscribere
1027 3963 1203 4044 Juhilocos
1230 3989 1285 4042 sc·
1347 3964 1543 4043 Hebraeum
1572 3963 1699 4042 librum
1726 3961 1811 4041 mihi
1839 3961 1957 4062 legere
1989 3985 2061 4041 non
2095 3985 2177 4042 con·

461 4091 606 4170 cundem
634 4091 824 4186 Hebraeos,
846 4094 953 4197 juncto
979 4091 1186 4172 Ιιιιιαιοιιιιιι
1215 4101 1287 4172 ιιι·
1349 4094 1438 4194 tigit.
1468 4093 1537 4171 h'eo
1565 4101 1696 4188 umen,
1726 4092 1755 4169 si
1781 4090 1872 4170 idem
1891 4099 1983 4170 esset
2000 4113 2041 4172 ao
2059 4099 2176 4170 nostra
2328 4081 2330 4116 ⁸

349 4277 352 4284 ι
462 4221 625 4300 ditionem
652 4229 685 4300 et
713 4221 848 4320 similia,
878 4221 939 4302 sed
967 4223 1027 4326 qui
1055 4222 1155 4303 anuis
1183 4223 1285 4325 quin·
1350 4225 1558 4328 assumptio,
1588 4221 1690 4318 ullus,
1719 4242 1832 4322 spero,
1861 4219 2039 4299 damnabit
2066 4219 2175 4318 Frag-
2329 4219 2330 4240 ι

463 4351 630 4452 quaginta
657 4358 823 4447 constent,
853 4373 932 4430 eum
959 4353 995 4431 in
1023 4355 1141 4430 nostro
1168 4373 1287 4429 nunno
1349 4359 1463 4430 menta
1512 4349 1765 4428 vetustissimae
1815 4348 1989 4427 versionis
2037 4345 2175 4426 latinae.

464 4485 540 4556 rent
571 4485 703 4558 tantum
745 4477 976 4581 quadraginta
1017 4503 1154 4560 novem.
1190 4479 1287 4560 Unde
1349 4480 1506 4560 Eundem
1535 4481 1730 4560 Fabricium
1759 4479 1847 4579 lege,
1878 4477 1943 4557 loc.
1974 4501 2018 4574 c,
2039 4499 2179 4580 proce
2328 4535 2330 4558 ι

464 4606 633 4703 hauserit,
664 4615 697 4686 et
725 4629 909 4710 quamnam
937 4629 1016 4687 cum
1044 4609 1170 4688 nostris
1198 4607 1290 4686 rela-
1350 4613 1433 4691 teris
1460 4635 1549 4714 quae
1577 4635 1622 4690 er
1650 4613 1716 4690 hoc
1743 4610 1832 4690 libro
1850 4609 2000 4688 aderunt
2019 4607 2173 4690 Veteres.
2328 4637 2329 4680 s

464 4735 589 4813 tionem
622 4735 795 4833 babeant,
837 4759 906 4816 non
949 4736 1125 4837 indagavi.
1156 4735 1288 4818 hddam
1351 4739 1434 4820 lnde
1461 4761 1529 4840 ego
1562 4739 1730 4819 adducam
1764 4737 1878 4818 locum
1912 4737 1990 4816 det.
2030 4734 2182 4814 Consilii

464 4862 565 4942 etiam
598 4862 711 4942 locum
738 4866 872 4944 Decreti
894 4864 1050 4964 'Gelasii
1094 4889 1197 4969 quern
1238 4868 1289 4944 sic
1350 4865 1451 4960 hle,
1480 4867 1538 4968 qui
1568 4867 1680 4968 primo
1709 4865 1790 4944 lolio
1817 4864 1926 4944 nostri
1954 4861 2084 4943 codicis
2121 4887 2177 4940 re-

465 4993 592 5071 excitat
620 4993 809 5090 Fabricius,
838 4995 861 5073 l.
882 5018 912 5074 c.
933 5018 968 5098 p.
990 4995 1088 5074 tol:
1110 4993 1213 5072 Liber
1231 4997 1292 5098 pm·
1351 4996 1471 5090 lertur,
1515 5017 1664 5096 quocum
1705 4995 1838 5091 conler,
1881 4999 1915 5072 et
1956 4999 2101 5072 testatur
2135 4991 2179 5070 du

466 5121 664 5227 appellatur
677 5121 721 5200 ιιι
735 5121 875 5226 filiabus
895 5121 993 5200 Adue
1015 5121 1088 5201 siue
1108 5121 1287 5216 Geueceoc,
1351 5121 1496 5199 veritate
1537 5119 1789 5224 hsauruptioois
1829 5115 1940 5199 Musis
1980 5117 2017 5195 in
2052 5119 2179 5194 uostris
2328 5163 2329 5180 ι

466 5249 559 5353 quod
587 5251 725 5354 quidem
745 5253 779 5332 in
808 5251 886 5331 aliis
904 5250 1134 5332 Conciliorum
1154 5253 1288 5333 Culleo·-
1353 5244 1574 5322 membranis.
1605 5245 1666 5322 Est
1689 5251 1803 5322 autem
1823 5243 1936 5322 locus:
1958 5233 2179 5324 Μελλωιὸ

467 5380 619 5459 tionibus
644 5382 808 5478 occurrit,
838 5380 975 5484 plenius
1009 5389 1041 5459 ιι
1075 5382 1218 5477 rectius,
1254 5389 1292 5459 ut
1355 5365 1565 5489 llpopurrg
1605 5363 1781 5472 Mcuovg
1814 5367 1947 5454 εξιιιιιι
1978 5389 2053 5450 τοι
2078 5359 2180 5450 brou.

468 5516 567 5612 puto,
602 5511 706 5590 scribi
739 5514 774 5591 iu
807 5512 985 5592 codicibus
1017 5511 1164 5592 vetustis
1190 5511 1291 5614 apud
1352 5493 1402 5604 ὧι
1448 5497 1656 5620 ιειιαπῖω
1696 5527 1732 5583 ⁶²¹
1761 5493 1897 5612 βώλῳ
1933 5493 2176 5604 minim
2322 5536 2326 5551 '

468 5639 588 5736 blansi
605 5639 708 5720 donc.
726 5639 879 5738 Collect,
901 5641 940 5719 T.
961 5639 1049 5738 lllll,
1066 5639 1130 5718 ool.
1156 5639 1288 5736 lov-o,
1353 5628 1556 5734 Μωυσεως
1577 5693 1588 5734 ,
1629 5628 1989 5748 προσκαλεσαμενος
2039 5627 2191 5740 Ιησουι,
