4690 6406
769 375 773 384 ‚
903 294 1080 358 -m-

147 421 264 534 totto.
304 464 430 533 uentris
456 463 503 532 tui
527 471 583 533 aut
606 464 703 535 dere-

145 583 274 648 xxt'ttt
302 579 382 664 liqui
407 586 449 648 te·
475 582 516 647 Et
540 579 696 665 quoniam

1025 475 1141 540 ttttto.
1183 471 1222 539 ad
1247 471 1336 539 illem
1360 479 1393 540 et
1418 471 1570 558 concepit

1182 593 1215 652 et
1240 585 1369 672 peperit
1392 583 1497 651 fiiinm

299 691 383 761 nidit
406 690 516 760 rechel
541 691 617 778 quit
641 709 698 778 pe·

299 809 385 894 perit
408 807 451 876 tie
474 808 568 876 incoh
592 817 687 894 quet-

303 927 380 987 tuor
402 919 490 988 titios
514 919 631 988 rebem

211 1017 218 1026 ’
304 1049 450 1118 symeon·
477 1032 541 1100 leui
570 1032 663 1100 iudas

301 1145 383 1214 dixit
405 1144 515 1212 rechel
542 1146 582 1212 ed
609 1137 701 1214 iacob
748 1140 749 1144 ’

303 1258 386 1323 intra
411 1255 451 1324 ed
476 1255 596 1324 bellem
620 1275 677 1324 an·
759 1273 764 1284 ·

303 1367 410 1435 sillem
434 1383 543 1436 meam
566 1375 599 1437 et
623 1387 703 1436 con-

303 1479 468 1565 concipiet
492 1487 526 1548 et
549 1481 654 1566 periet

305 1591 384 1660 mihi
409 1591 525 1659 filium·

186 1725 191 1732 ·
280 1709 319 1772 Et
345 1704 437 1773 dedit
460 1705 580 1773 bellam
605 1723 661 1774 en-

301 1815 408 1884 cillem
433 1834 527 1884 suom
552 1816 586 1884 in
610 1837 694 1886 uxo-

301 1945 373 1996 rem
396 1935 429 1996 et
453 1929 606 2014 concepit
630 1937 664 1998 et
714 1957 719 1966 ·

301 2041 699 2126 mmmmmm

298 2153 385 2222 cauit
408 2171 530 2222 nomen
555 2154 627 2224 eius

298 2263 361 2330 den
386 2281 476 2332 nono
501 2281 616 2334 mense
645 2265 709 2333 hu-

300 2378 351 2444 ius
375 2379 460 2447 serti
485 2378 562 2446 anni
586 2381 690 2465 septi-

178 2543 181 2548 ,
298 2505 479 2556 manarum·
505 2492 547 2558 Et
572 2491 663 2559 edie-

296 2599 340 2668 cit
362 2601 456 2670 iacob
480 2608 514 2670 et
537 2602 655 2671 introi·

296 2711 345 2778 uit
368 2713 409 2780 ed
432 2713 553 2782 holtem
577 2723 610 2784 et
635 2733 719 2784 cone

296 2823 383 2908 cepit
407 2831 441 2892 et
464 2827 594 2911 peperit
617 2829 657 2896 ii-

297 2935 378 3004 lium
402 2938 587 3008 secundum
610 2940 726 3009 iacob.

296 3053 330 3114 et
353 3045 487 3115 uocauit
511 3047 622 3116 rechel
757 3117 760 3124 ,
893 3055 900 3068 ’

214 3211 221 3223 .
297 3173 419 3226 nomen
444 3158 516 3226 eius
540 3171 656 3246 nepte-

297 3269 354 3336 lim
378 3270 412 3338 in
436 3271 552 3356 quinto
576 3289 691 3344 mense
766 3281 772 3290 “

295 3381 427 3466 septimi
451 3384 529 3450 enni
553 3401 673 3452 secun-

295 3493 335 3562 da
360 3496 620 3580 septimanarum

297 3617 424 3694 quarte·
449 3611 491 3678 m
514 3609 632 3678 uidens

295 3719 336 3786 tia
361 3721 517 3805 quoniam
540 3722 654 3792 deten

298 3838 708 3922 mmmmffim

298 3943 386 4012 riens
409 3953 443 4014 et
466 3947 558 4016 dedit
580 3948 678 4018 eliam

295 4059 445 4128 ancillam
469 4079 563 4130 suem
586 4062 681 4132 iacob

268 4185 272 4190 ·
296 4169 328 4236 in
351 4171 525 4240 mulierem
548 4179 583 4241 et
606 4191 687 4242 cen-

296 4282 382 4366 cepit
406 4291 439 4352 et
455 4285 585 4370 peperit
608 4284 649 4352 n-

294 4391 375 4462 lium
399 4402 432 4463 et
455 4397 590 4469 uocauit
613 4399 655 4466 lie

293 4523 415 4574 nomen
429 4509 511 4578 eius
534 4509 597 4596 gad

271 4621 313 4688 Et
335 4619 370 4686 in
394 4619 590 4692 duodecimo
614 4641 707 4694 men-

297 4747 334 4799 se
359 4733 469 4802 octeni
492 4735 569 4804 enni
593 4744 662 4804 ter-

295 4843 342 4912 tie
367 4845 420 4914 die
444 4846 645 4932 septimane-

295 4973 370 5024 rum
395 4957 500 5044 quinti
523 4959 642 5029 introi-

215 5083 226 5100 ·
293 5067 342 5137 uit
366 5069 407 5138 ed
430 5088 503 5140 eom
528 5079 562 5141 et
584 5091 683 5160 pepe-

293 5157 679 5254 mmmmmd-

292 5295 382 5363 cauit
405 5313 527 5364 nomen
543 5297 615 5366 eius
638 5315 713 5367 eser

273 5407 308 5474 in
332 5408 481 5476 secunde
504 5425 620 5480 mense

292 5519 411 5588 decimi
435 5521 501 5590 diei
523 5523 557 5592 in
581 5525 696 5611 qnmto

292 5649 379 5702 enno
402 5635 661 5722 septimanarum

295 5755 411 5832 quarto
435 5745 587 5818 introiuit

1186 705 1218 764 et
1243 696 1378 764 uocauit
1401 711 1524 762 nomen

1186 809 1257 876 eins
1282 807 1430 876 isacehar
1453 814 1486 874 et
1510 807 1542 874 in

1186 929 1302 1006 quarto
1327 937 1413 988 enno
1437 937 1531 987 men-

1188 1052 1223 1101 se
1248 1034 1354 1119 quinti
1378 1033 1453 1100 anni
1479 1034 1532 1102 die

1186 1146 1449 1231 septimanarum
1474 1163 1571 1232 qnar-

1189 1267 1224 1325 to
1249 1257 1342 1348 dedit
1366 1258 1458 1324 iilum
1483 1277 1546 1325 mr-

1191 1370 1273 1438 trici·
1296 1363 1340 1436 'nt
1364 1367 1514 1436 introiuit

1183 1483 1289 1550 adhoc
1314 1483 1408 1551 iacob
1437 1484 1478 1550 ad
1502 1481 1579 1549 liem

1185 1603 1218 1662 et
1243 1593 1395 1679 concepit
1419 1602 1452 1662 et
1475 1611 1535 1679 pe-

1183 1706 1269 1792 perit
1293 1707 1378 1773 dnos
1402 1723 1532 1774 mascu-

1183 1821 1251 1886 tum
1275 1825 1308 1886 et
1332 1818 1488 1886 seminem
1514 1825 1548 1886 et

1180 1931 1313 2000 uocauit
1337 1949 1458 1999 nomen
1484 1949 1569 1999 mes·
1681 1960 1683 1973 ·

1182 2042 1246 2110 culi
1271 2043 1408 2126 zabonn
1433 2049 1466 2110 et
1495 2059 1558 2110 no-

1182 2171 1259 2222 men
1283 2153 1444 2222 foeminae
1469 2153 1579 2222 dinem

1181 2273 1214 2332 et
1238 2268 1271 2332 in
1296 2263 1430 2351 septimi
1453 2267 1578 2358 mensis

1180 2377 1314 2462 septimi
1337 2377 1413 2444 enni
1437 2379 1522 2446 sexti

1181 2489 1440 2575 septimanarum
1463 2507 1562 2576 quer-

1184 2603 1207 2668 ti
1231 2601 1388 2670 misertus
1412 2609 1463 2669 est
1488 2601 1569 2670 deus

1183 2713 1293 2782 rachel
1317 2714 1503 2798 eteperuit

1183 2823 1354 2893 matricem
1378 2825 1450 2894 eius
1474 2831 1507 2894 et

1183 2937 1335 3022 concepit
1358 2943 1392 3004 et
1415 2953 1516 3024 pepe-

1184 3049 1228 3116 rit
1251 3048 1356 3116 tilium
1379 3057 1414 3116 et
1438 3066 1534 3140 uoce·

1085 3163 1110 3226 b.
1184 3161 1233 3228 uit
1256 3179 1379 3228 nomen
1402 3161 1475 3230 eius
1499 3161 1616 3247 iosepo

1147 3276 1195 3340 in
1219 3273 1327 3358 primo
1351 3274 1404 3346 die
1428 3273 1552 3342 mensis

1180 3386 1289 3470 quarti
1313 3386 1347 3452 in
1372 3394 1467 3454 serto
1491 3403 1568 3472 sep-

1175 3501 1377 3567 timanarum
1402 3487 1520 3585 quomo

1179 3609 1277 3678 huius
1301 3609 1335 3678 in
1360 3619 1510 3697 tempore
1534 3629 1600 3698 qno

1179 3730 1276 3792 natos
1298 3730 1350 3792 est
1366 3723 1481 3811 ioseph
1507 3725 1555 3794 di-

1179 3841 1227 3911 xit
1249 3841 1410 3912 iacob-ad
1433 3843 1529 3912 laben

1179 3953 1220 4022 de
1235 3933 1325 4022 'mihi
1349 3951 1505 4025 mutieres
1522 3973 1593 4026 me-

1180 4083 1217 4134 es
1242 4073 1276 4135 et
1299 4065 1386 4135 tilios
1409 4083 1503 4137 meos
1528 4077 1561 4138 et

1178 4177 1275 4248 obibo
1301 4179 1341 4247 ad
1366 4187 1494 4266 petrem
1506 4197 1577 4250 me-

1176 4309 1234 4360 um
1257 4291 1324 4360 isac
1347 4299 1381 4360 et
1404 4293 1521 4362 taciem

1176 4402 1258 4471 mihi
1282 4403 1418 4472 domum
1442 4408 1563 4492 quoni-

1176 4533 1228 4584 am
1252 4515 1404 4600 conpiehi
1428 4533 1533 4586 onnes

1177 4628 1297 4714 quibus
1320 4631 1443 4699 semini
1468 4633 1527 4700 tibi

1176 4757 1238 4825 pro
1262 4740 1532 4812 duabusiiiiabus
1557 4747 1622 4813 tois

1178 4861 1212 4924 et
1235 4853 1290 4922 ibe
1315 4854 1348 4922 io
1372 4856 1507 4924 domum
1532 4877 1587 4944 pe-

1177 4967 1236 5036 tris
1259 4967 1325 5038 mei
1348 4975 1382 5038 et
1405 4970 1487 5040 dixit
1511 4971 1558 5040 ie·

1174 5081 1239 5151 ban
1263 5083 1304 5154 ed
1327 5084 1422 5154 iacob
1446 5103 1566 5173 espec·

1176 5201 1209 5262 ta
1231 5211 1285 5264 me
1309 5196 1346 5264 io
1371 5179 1531 5266 mercede

1175 5313 1210 5375 et
1232 5323 1331 5392 pasce
1354 5307 1474 5377 iterum
1626 5293 1631 5304 ’

1091 5417 1093 5422 ’
1176 5435 1259 5490 ones
1282 5437 1373 5490 meas
1396 5429 1430 5490 et
1453 5421 1538 5492 dabo

1176 5532 1235 5602 tibi
1260 5533 1448 5602 mercedem
1473 5541 1507 5602 et

1174 5643 1369 5730 placuerunt
1392 5646 1434 5716 de

1171 5757 1327 5828 mercede
1349 5767 1386 5828 nt
1410 5759 1465 5828 det
1488 5759 1534 5828 itti
