<?xml version="1.0" encoding="UTF-8"?>
<!DOCTYPE html PUBLIC "-//W3C//DTD XHTML 1.0 Transitional//EN"
    "http://www.w3.org/TR/xhtml1/DTD/xhtml1-transitional.dtd">
<html xmlns="http://www.w3.org/1999/xhtml" xml:lang="en" lang="en">
 <head>
  <title>
</title>
<meta http-equiv="Content-Type" content="text/html;charset=utf-8" />
  <meta name='ocr-system' content='tesseract 3.04.00' />
  <meta name='ocr-capabilities' content='ocr_page ocr_carea ocr_par ocr_line ocrx_word'/>
</head>
<body>
  <div class='ocr_page' id='page_1' title='image "./fragmentumactuu00unkngoog/fragmentumactuu00unkngoog_0207.png"; bbox 0 0 4594 6452; ppageno 0'>
   <div class='ocr_carea' id='block_1_1' title="bbox 1246 229 1478 304">
    <p class='ocr_par' dir='ltr' id='par_1_1' title="bbox 1246 229 1478 304">
     <span class='ocr_line' id='line_1_1' title="bbox 1246 229 1478 304; baseline -0.022 3"><span class='ocrx_word' id='word_1_1' title='bbox 1246 229 1478 304; x_wconf 81' lang='grc'><strong>“-96-</strong></span> 
     </span>
    </p>
   </div>
   <div class='ocr_carea' id='block_1_2' title="bbox 456 377 1356 3906">
    <p class='ocr_par' dir='ltr' id='par_1_2' title="bbox 508 377 1356 618">
     <span class='ocr_line' id='line_1_2' title="bbox 515 377 1344 473; baseline -0.001 -18"><span class='ocrx_word' id='word_1_2' title='bbox 515 381 681 473; x_wconf 82' lang='lat' dir='ltr'><strong>mysteria</strong></span> <span class='ocrx_word' id='word_1_3' title='bbox 707 385 932 472; x_wconf 87' lang='lat' dir='ltr'><strong>temporum,</strong></span> <span class='ocrx_word' id='word_1_4' title='bbox 962 385 997 452; x_wconf 88' lang='lat' dir='ltr'><strong>et</strong></span> <span class='ocrx_word' id='word_1_5' title='bbox 1023 377 1211 471; x_wconf 86' lang='lat' dir='ltr'><strong>adventum</strong></span> <span class='ocrx_word' id='word_1_6' title='bbox 1239 379 1344 454; x_wconf 88' lang='lat' dir='ltr'><strong>bora·</strong></span> 
     </span>
     <span class='ocr_line' id='line_1_3' title="bbox 508 508 1356 618; baseline -0.008 -34"><span class='ocrx_word' id='word_1_7' title='bbox 508 529 591 584; x_wconf 85' lang='lat' dir='ltr'><strong>rum</strong></span> <span class='ocrx_word' id='word_1_8' title='bbox 619 509 771 584; x_wconf 79' lang='lat' dir='ltr'><strong>ostendit</strong></span> <span class='ocrx_word' id='word_1_9' title='bbox 797 508 894 581; x_wconf 89' lang='lat' dir='ltr'><strong>mibi.</strong></span> <span class='ocrx_word' id='word_1_10' title='bbox 1353 610 1356 618; x_wconf 47' lang='lat'><strong>,</strong></span> 
     </span>
    </p>

    <p class='ocr_par' dir='ltr' id='par_1_3' title="bbox 456 635 1352 3906">
     <span class='ocr_line' id='line_1_4' title="bbox 567 635 1330 728; baseline 0.004 -18"><span class='ocrx_word' id='word_1_11' title='bbox 567 638 630 710; x_wconf 79' lang='lat'><strong>82.</strong></span> <span class='ocrx_word' id='word_1_12' title='bbox 658 637 752 722; x_wconf 89' lang='lat' dir='ltr'><strong>ldeo,</strong></span> <span class='ocrx_word' id='word_1_13' title='bbox 781 637 903 710; x_wconf 91' lang='lat' dir='ltr'><strong>iratres</strong></span> <span class='ocrx_word' id='word_1_14' title='bbox 940 635 1029 720; x_wconf 90' lang='lat' dir='ltr'><strong>mei,</strong></span> <span class='ocrx_word' id='word_1_15' title='bbox 1058 637 1184 728; x_wconf 79' lang='lat' dir='ltr'><strong>scripsi</strong></span> <span class='ocrx_word' id='word_1_16' title='bbox 1211 638 1330 723; x_wconf 84' lang='lat' dir='ltr'><strong>vobis,</strong></span> 
     </span>
     <span class='ocr_line' id='line_1_5' title="bbox 456 765 1337 858; baseline 0 -20"><span class='ocrx_word' id='word_1_17' title='bbox 456 787 470 810; x_wconf 89' lang='lat'><strong>·</strong></span> <span class='ocrx_word' id='word_1_18' title='bbox 514 765 692 858; x_wconf 87' lang='lat' dir='ltr'><strong>quomodo</strong></span> <span class='ocrx_word' id='word_1_19' title='bbox 719 765 949 840; x_wconf 89' lang='lat' dir='ltr'><strong>consolemini</strong></span> <span class='ocrx_word' id='word_1_20' title='bbox 977 782 996 836; x_wconf 89' lang='lat' dir='ltr'><strong>a</strong></span> <span class='ocrx_word' id='word_1_21' title='bbox 1023 765 1243 840; x_wconf 89' lang='lat' dir='ltr'><strong>multitudine</strong></span> <span class='ocrx_word' id='word_1_22' title='bbox 1271 773 1337 838; x_wconf 53' lang='lat' dir='ltr'><strong>au:</strong></span> 
     </span>
     <span class='ocr_line' id='line_1_6' title="bbox 512 891 1334 998; baseline 0.002 -34"><span class='ocrx_word' id='word_1_23' title='bbox 512 893 717 983; x_wconf 78' lang='lat' dir='ltr'><strong>gustiarum.</strong></span> <span class='ocrx_word' id='word_1_24' title='bbox 756 893 838 966; x_wconf 89' lang='lat' dir='ltr'><strong>Sitis</strong></span> <span class='ocrx_word' id='word_1_25' title='bbox 875 897 992 998; x_wconf 85' lang='lat' dir='ltr'><strong>autem</strong></span> <span class='ocrx_word' id='word_1_26' title='bbox 1027 891 1204 975; x_wconf 89' lang='lat' dir='ltr'><strong>seientes,</strong></span> <span class='ocrx_word' id='word_1_27' title='bbox 1237 893 1334 984; x_wconf 85' lang='lat' dir='ltr'><strong>quod</strong></span> 
     </span>
     <span class='ocr_line' id='line_1_7' title="bbox 513 1019 1333 1114; baseline 0 -22"><span class='ocrx_word' id='word_1_28' title='bbox 513 1022 697 1112; x_wconf 84' lang='lat' dir='ltr'><strong>requirens</strong></span> <span class='ocrx_word' id='word_1_29' title='bbox 724 1020 880 1111; x_wconf 83' lang='lat' dir='ltr'><strong>requiret</strong></span> <span class='ocrx_word' id='word_1_30' title='bbox 906 1019 1013 1092; x_wconf 89' lang='lat' dir='ltr'><strong>iactor</strong></span> <span class='ocrx_word' id='word_1_31' title='bbox 1039 1025 1161 1114; x_wconf 90' lang='lat' dir='ltr'><strong>noster</strong></span> <span class='ocrx_word' id='word_1_32' title='bbox 1187 1019 1230 1092; x_wconf 89' lang='lat' dir='ltr'><strong>ab</strong></span> <span class='ocrx_word' id='word_1_33' title='bbox 1259 1037 1333 1092; x_wconf 93' lang='lat' dir='ltr'><strong>om·</strong></span> 
     </span>
     <span class='ocr_line' id='line_1_8' title="bbox 512 1145 1336 1237; baseline -0.002 -15"><span class='ocrx_word' id='word_1_34' title='bbox 512 1147 618 1222; x_wconf 89' lang='lat' dir='ltr'><strong>nibus</strong></span> <span class='ocrx_word' id='word_1_35' title='bbox 646 1147 796 1221; x_wconf 90' lang='lat' dir='ltr'><strong>inimicis</strong></span> <span class='ocrx_word' id='word_1_36' title='bbox 827 1147 957 1220; x_wconf 89' lang='lat' dir='ltr'><strong>nostris</strong></span> <span class='ocrx_word' id='word_1_37' title='bbox 981 1145 1080 1235; x_wconf 83' lang='lat' dir='ltr'><strong>juxta</strong></span> <span class='ocrx_word' id='word_1_38' title='bbox 1107 1163 1211 1219; x_wconf 87' lang='lat' dir='ltr'><strong>ornus</strong></span> <span class='ocrx_word' id='word_1_39' title='bbox 1238 1147 1336 1237; x_wconf 80' lang='lat' dir='ltr'><strong>quod</strong></span> 
     </span>
     <span class='ocr_line' id='line_1_9' title="bbox 513 1273 1334 1366; baseline -0.004 -15"><span class='ocrx_word' id='word_1_40' title='bbox 513 1278 673 1352; x_wconf 74' lang='lat' dir='ltr'><strong>moerent</strong></span> <span class='ocrx_word' id='word_1_41' title='bbox 688 1273 791 1348; x_wconf 91' lang='lat' dir='ltr'><strong>nobis</strong></span> <span class='ocrx_word' id='word_1_42' title='bbox 810 1279 844 1348; x_wconf 88' lang='lat' dir='ltr'><strong>ei</strong></span> <span class='ocrx_word' id='word_1_43' title='bbox 861 1275 898 1346; x_wconf 93' lang='lat' dir='ltr'><strong>in</strong></span> <span class='ocrx_word' id='word_1_44' title='bbox 912 1273 1026 1357; x_wconf 91' lang='lat' dir='ltr'><strong>nobis,</strong></span> <span class='ocrx_word' id='word_1_45' title='bbox 1042 1279 1076 1346; x_wconf 86' lang='lat' dir='ltr'><strong>ot</strong></span> <span class='ocrx_word' id='word_1_46' title='bbox 1099 1273 1195 1365; x_wconf 83' lang='lat' dir='ltr'><strong>quod</strong></span> <span class='ocrx_word' id='word_1_47' title='bbox 1213 1293 1334 1366; x_wconf 88' lang='lat' dir='ltr'><strong>quam-</strong></span> 
     </span>
     <span class='ocr_line' id='line_1_10' title="bbox 513 1401 1335 1496; baseline -0.004 -19"><span class='ocrx_word' id='word_1_48' title='bbox 513 1405 674 1496; x_wconf 82' lang='lat' dir='ltr'><strong>proxime</strong></span> <span class='ocrx_word' id='word_1_49' title='bbox 701 1409 754 1476; x_wconf 91' lang='lat' dir='ltr'><strong>est</strong></span> <span class='ocrx_word' id='word_1_50' title='bbox 790 1401 1070 1483; x_wconf 89' lang='lat' dir='ltr'><strong>consummatio,</strong></span> <span class='ocrx_word' id='word_1_51' title='bbox 1100 1418 1203 1490; x_wconf 84' lang='lat' dir='ltr'><strong>quam</strong></span> <span class='ocrx_word' id='word_1_52' title='bbox 1235 1401 1335 1476; x_wconf 88' lang='lat' dir='ltr'><strong>laciet</strong></span> 
     </span>
     <span class='ocr_line' id='line_1_11' title="bbox 516 1511 1336 1618; baseline -0.002 -14"><span class='ocrx_word' id='word_1_53' title='bbox 516 1530 741 1612; x_wconf 78' lang='lat' dir='ltr'><strong>ditissimus,</strong></span> <span class='ocrx_word' id='word_1_54' title='bbox 775 1535 810 1603; x_wconf 91' lang='lat' dir='ltr'><strong>et</strong></span> <span class='ocrx_word' id='word_1_55' title='bbox 836 1511 1076 1602; x_wconf 78' lang='lat' dir='ltr'><strong>misericordia</strong></span> <span class='ocrx_word' id='word_1_56' title='bbox 1112 1527 1188 1618; x_wconf 89' lang='lat' dir='ltr'><strong>ejus</strong></span> <span class='ocrx_word' id='word_1_57' title='bbox 1216 1534 1254 1600; x_wconf 92' lang='lat' dir='ltr'><strong>ut</strong></span> <span class='ocrx_word' id='word_1_58' title='bbox 1280 1547 1336 1602; x_wconf 90' lang='lat' dir='ltr'><strong>ve·</strong></span> 
     </span>
     <span class='ocr_line' id='line_1_12' title="bbox 515 1644 1352 1746; baseline 0.001 -18"><span class='ocrx_word' id='word_1_59' title='bbox 515 1657 607 1740; x_wconf 87' lang='lat' dir='ltr'><strong>nial,</strong></span> <span class='ocrx_word' id='word_1_60' title='bbox 641 1661 676 1728; x_wconf 93' lang='lat' dir='ltr'><strong>et</strong></span> <span class='ocrx_word' id='word_1_61' title='bbox 702 1671 923 1746; x_wconf 80' lang='lat' dir='ltr'><strong>nequaquam</strong></span> <span class='ocrx_word' id='word_1_62' title='bbox 951 1655 1055 1746; x_wconf 83' lang='lat' dir='ltr'><strong>longe</strong></span> <span class='ocrx_word' id='word_1_63' title='bbox 1095 1659 1149 1728; x_wconf 88' lang='lat' dir='ltr'><strong>est</strong></span> <span class='ocrx_word' id='word_1_64' title='bbox 1175 1644 1352 1728; x_wconf 83' lang='lat' dir='ltr'><strong>consum&#39;</strong></span> 
     </span>
     <span class='ocr_line' id='line_1_13' title="bbox 515 1783 1336 1878; baseline -0.005 -18"><span class='ocrx_word' id='word_1_65' title='bbox 515 1787 621 1860; x_wconf 90' lang='lat' dir='ltr'><strong>matio</strong></span> <span class='ocrx_word' id='word_1_66' title='bbox 644 1785 767 1878; x_wconf 88' lang='lat' dir='ltr'><strong>judicii</strong></span> <span class='ocrx_word' id='word_1_67' title='bbox 795 1785 881 1874; x_wconf 82' lang='lat' dir='ltr'><strong>ejus.</strong></span> <span class='ocrx_word' id='word_1_68' title='bbox 918 1784 1017 1858; x_wconf 90' lang='lat' dir='ltr'><strong>Nunc</strong></span> <span class='ocrx_word' id='word_1_69' title='bbox 1045 1784 1139 1856; x_wconf 91' lang='lat' dir='ltr'><strong>enim</strong></span> <span class='ocrx_word' id='word_1_70' title='bbox 1177 1783 1336 1856; x_wconf 86' lang='lat' dir='ltr'><strong>ridemus</strong></span> 
     </span>
     <span class='ocr_line' id='line_1_14' title="bbox 514 1909 1336 2003; baseline -0.006 -16"><span class='ocrx_word' id='word_1_71' title='bbox 514 1913 771 1988; x_wconf 79' lang='lat' dir='ltr'><strong>multitudinem</strong></span> <span class='ocrx_word' id='word_1_72' title='bbox 798 1909 1038 2003; x_wconf 85' lang='lat' dir='ltr'><strong>prosperitatis</strong></span> <span class='ocrx_word' id='word_1_73' title='bbox 1062 1909 1235 1999; x_wconf 77' lang='lat' dir='ltr'><strong>gentium:</strong></span> <span class='ocrx_word' id='word_1_74' title='bbox 1256 1927 1336 1982; x_wconf 82' lang='lat' dir='ltr'><strong>cuna</strong></span> 
     </span>
     <span class='ocr_line' id='line_1_15' title="bbox 515 2037 1335 2138; baseline -0.012 -20"><span class='ocrx_word' id='word_1_75' title='bbox 515 2046 613 2138; x_wconf 87' lang='lat' dir='ltr'><strong>ipsae</strong></span> <span class='ocrx_word' id='word_1_76' title='bbox 631 2041 736 2130; x_wconf 91' lang='lat' dir='ltr'><strong>impie</strong></span> <span class='ocrx_word' id='word_1_77' title='bbox 764 2045 878 2129; x_wconf 80' lang='lat' dir='ltr'><strong>agant,</strong></span> <span class='ocrx_word' id='word_1_78' title='bbox 898 2037 964 2109; x_wconf 91' lang='lat' dir='ltr'><strong>sed</strong></span> <span class='ocrx_word' id='word_1_79' title='bbox 981 2037 1100 2125; x_wconf 85' lang='lat' dir='ltr'><strong>vapori</strong></span> <span class='ocrx_word' id='word_1_80' title='bbox 1119 2042 1221 2108; x_wconf 92' lang='lat' dir='ltr'><strong>eruut</strong></span> <span class='ocrx_word' id='word_1_81' title='bbox 1237 2037 1335 2108; x_wconf 91' lang='lat' dir='ltr'><strong>simi·</strong></span> 
     </span>
     <span class='ocr_line' id='line_1_16' title="bbox 514 2160 1335 2255; baseline -0.011 -11"><span class='ocrx_word' id='word_1_82' title='bbox 514 2173 587 2255; x_wconf 91' lang='lat' dir='ltr'><strong>les;</strong></span> <span class='ocrx_word' id='word_1_83' title='bbox 617 2174 651 2240; x_wconf 92' lang='lat' dir='ltr'><strong>et</strong></span> <span class='ocrx_word' id='word_1_84' title='bbox 678 2169 855 2238; x_wconf 90' lang='lat' dir='ltr'><strong>iutuemur</strong></span> <span class='ocrx_word' id='word_1_85' title='bbox 881 2160 1138 2233; x_wconf 85' lang='lat' dir='ltr'><strong>multitudinem</strong></span> <span class='ocrx_word' id='word_1_86' title='bbox 1158 2163 1335 2252; x_wconf 91' lang='lat' dir='ltr'><strong>potestatis</strong></span> 
     </span>
     <span class='ocr_line' id='line_1_17' title="bbox 517 2287 1338 2380; baseline -0.012 -10"><span class='ocrx_word' id='word_1_87' title='bbox 517 2315 647 2377; x_wconf 91' lang='lat' dir='ltr'><strong>earum,</strong></span> <span class='ocrx_word' id='word_1_88' title='bbox 677 2311 756 2364; x_wconf 90' lang='lat' dir='ltr'><strong>cum</strong></span> <span class='ocrx_word' id='word_1_89' title='bbox 775 2291 872 2380; x_wconf 90' lang='lat' dir='ltr'><strong>ipsae</strong></span> <span class='ocrx_word' id='word_1_90' title='bbox 898 2287 1018 2376; x_wconf 87' lang='lat' dir='ltr'><strong>inique</strong></span> <span class='ocrx_word' id='word_1_91' title='bbox 1045 2292 1244 2376; x_wconf 88' lang='lat' dir='ltr'><strong>operentur,</strong></span> <span class='ocrx_word' id='word_1_92' title='bbox 1272 2287 1338 2360; x_wconf 89' lang='lat' dir='ltr'><strong>sed</strong></span> 
     </span>
     <span class='ocr_line' id='line_1_18' title="bbox 516 2409 1336 2498; baseline -0.015 0"><span class='ocrx_word' id='word_1_93' title='bbox 516 2409 723 2498; x_wconf 74' lang='lat' dir='ltr'><strong>stillicidio&#39;</strong></span> <span class='ocrx_word' id='word_1_94' title='bbox 759 2411 1068 2496; x_wconf 88' lang='lat' dir='ltr'><strong>assimilabuntur;</strong></span> <span class='ocrx_word' id='word_1_95' title='bbox 1106 2417 1141 2482; x_wconf 88' lang='lat' dir='ltr'><strong>et</strong></span> <span class='ocrx_word' id='word_1_96' title='bbox 1175 2411 1336 2486; x_wconf 88' lang='lat' dir='ltr'><strong>videmus</strong></span> 
     </span>
     <span class='ocr_line' id='line_1_19' title="bbox 516 2539 1336 2630; baseline -0.013 -7"><span class='ocrx_word' id='word_1_97' title='bbox 516 2551 712 2624; x_wconf 84' lang='lat' dir='ltr'><strong>firmitatem</strong></span> <span class='ocrx_word' id='word_1_98' title='bbox 739 2539 952 2615; x_wconf 80' lang='lat' dir='ltr'><strong>fortitudinis</strong></span> <span class='ocrx_word' id='word_1_99' title='bbox 980 2555 1112 2620; x_wconf 90' lang='lat' dir='ltr'><strong>earum,</strong></span> <span class='ocrx_word' id='word_1_100' title='bbox 1142 2557 1222 2610; x_wconf 90' lang='lat' dir='ltr'><strong>eum</strong></span> <span class='ocrx_word' id='word_1_101' title='bbox 1240 2539 1336 2630; x_wconf 92' lang='lat' dir='ltr'><strong>ipsae</strong></span> 
     </span>
     <span class='ocr_line' id='line_1_20' title="bbox 517 2664 1336 2755; baseline -0.012 -7"><span class='ocrx_word' id='word_1_102' title='bbox 517 2675 611 2748; x_wconf 73' lang='lat' dir='ltr'><strong>lorti</strong></span> <span class='ocrx_word' id='word_1_103' title='bbox 629 2672 791 2746; x_wconf 88' lang='lat' dir='ltr'><strong>resistant</strong></span> <span class='ocrx_word' id='word_1_104' title='bbox 809 2667 904 2740; x_wconf 91' lang='lat' dir='ltr'><strong>ornni</strong></span> <span class='ocrx_word' id='word_1_105' title='bbox 922 2665 1042 2748; x_wconf 85' lang='lat' dir='ltr'><strong>bora&#39;,</strong></span> <span class='ocrx_word' id='word_1_106' title='bbox 1057 2664 1123 2737; x_wconf 93' lang='lat' dir='ltr'><strong>sed</strong></span> <span class='ocrx_word' id='word_1_107' title='bbox 1141 2671 1179 2737; x_wconf 90' lang='lat' dir='ltr'><strong>ut</strong></span> <span class='ocrx_word' id='word_1_108' title='bbox 1196 2670 1336 2755; x_wconf 87' lang='lat' dir='ltr'><strong>sputum</strong></span> 
     </span>
     <span class='ocr_line' id='line_1_21' title="bbox 518 2795 1338 2894; baseline -0.012 -16"><span class='ocrx_word' id='word_1_109' title='bbox 518 2801 780 2894; x_wconf 82' lang='lat' dir='ltr'><strong>reputabuntur3</strong></span> <span class='ocrx_word' id='word_1_110' title='bbox 797 2803 831 2871; x_wconf 93' lang='lat' dir='ltr'><strong>et</strong></span> <span class='ocrx_word' id='word_1_111' title='bbox 845 2797 1035 2888; x_wconf 80' lang='lat' dir='ltr'><strong>cogitamus</strong></span> <span class='ocrx_word' id='word_1_112' title='bbox 1050 2795 1194 2886; x_wconf 77' lang='lat' dir='ltr'><strong>gloriam</strong></span> <span class='ocrx_word' id='word_1_113' title='bbox 1209 2795 1338 2886; x_wconf 77' lang='lat' dir='ltr'><strong>magni-</strong></span> 
     </span>
     <span class='ocr_line' id='line_1_22' title="bbox 517 2920 1339 3014; baseline -0.01 -12"><span class='ocrx_word' id='word_1_114' title='bbox 517 2921 649 3002; x_wconf 85' lang='lat' dir='ltr'><strong>tudinis</strong></span> <span class='ocrx_word' id='word_1_115' title='bbox 668 2941 799 3008; x_wconf 88' lang='lat' dir='ltr'><strong>earum,</strong></span> <span class='ocrx_word' id='word_1_116' title='bbox 824 2941 903 2998; x_wconf 89' lang='lat' dir='ltr'><strong>curn</strong></span> <span class='ocrx_word' id='word_1_117' title='bbox 922 2923 1019 3014; x_wconf 91' lang='lat' dir='ltr'><strong>ipsae</strong></span> <span class='ocrx_word' id='word_1_118' title='bbox 1046 2941 1117 2996; x_wconf 92' lang='lat' dir='ltr'><strong>uon</strong></span> <span class='ocrx_word' id='word_1_119' title='bbox 1141 2920 1339 2996; x_wconf 87' lang='lat' dir='ltr'><strong>custodiant</strong></span> 
     </span>
     <span class='ocr_line' id='line_1_23' title="bbox 519 3049 1340 3147; baseline -0.005 -19"><span class='ocrx_word' id='word_1_120' title='bbox 519 3055 699 3147; x_wconf 89' lang='lat' dir='ltr'><strong>pactiones</strong></span> <span class='ocrx_word' id='word_1_121' title='bbox 717 3051 895 3133; x_wconf 71' lang='lat' dir='ltr'><strong>altissimi,</strong></span> <span class='ocrx_word' id='word_1_122' title='bbox 916 3049 981 3124; x_wconf 92' lang='lat' dir='ltr'><strong>sed</strong></span> <span class='ocrx_word' id='word_1_123' title='bbox 999 3051 1090 3123; x_wconf 90' lang='lat' dir='ltr'><strong>sicut</strong></span> <span class='ocrx_word' id='word_1_124' title='bbox 1107 3049 1224 3122; x_wconf 90' lang='lat' dir='ltr'><strong>iuruus</strong></span> <span class='ocrx_word' id='word_1_125' title='bbox 1242 3067 1340 3140; x_wconf 90' lang='lat' dir='ltr'><strong>prae·</strong></span> 
     </span>
     <span class='ocr_line' id='line_1_24' title="bbox 520 3177 1340 3268; baseline -0.006 -14"><span class='ocrx_word' id='word_1_126' title='bbox 520 3181 686 3264; x_wconf 91' lang='lat' dir='ltr'><strong>teribunt;</strong></span> <span class='ocrx_word' id='word_1_127' title='bbox 707 3185 742 3252; x_wconf 87' lang='lat' dir='ltr'><strong>et</strong></span> <span class='ocrx_word' id='word_1_128' title='bbox 756 3177 961 3251; x_wconf 90' lang='lat' dir='ltr'><strong>meditamur</strong></span> <span class='ocrx_word' id='word_1_129' title='bbox 975 3177 1265 3268; x_wconf 87' lang='lat' dir='ltr'><strong>pulchritudinem</strong></span> <span class='ocrx_word' id='word_1_130' title='bbox 1281 3177 1340 3250; x_wconf 91' lang='lat' dir='ltr'><strong>de-</strong></span> 
     </span>
     <span class='ocr_line' id='line_1_25' title="bbox 520 3305 1338 3397; baseline -0.007 -14"><span class='ocrx_word' id='word_1_131' title='bbox 520 3310 611 3382; x_wconf 92' lang='lat' dir='ltr'><strong>coris</strong></span> <span class='ocrx_word' id='word_1_132' title='bbox 638 3325 769 3390; x_wconf 91' lang='lat' dir='ltr'><strong>earum,</strong></span> <span class='ocrx_word' id='word_1_133' title='bbox 797 3325 878 3380; x_wconf 89' lang='lat' dir='ltr'><strong>curn</strong></span> <span class='ocrx_word' id='word_1_134' title='bbox 905 3307 1001 3397; x_wconf 91' lang='lat' dir='ltr'><strong>ipsae</strong></span> <span class='ocrx_word' id='word_1_135' title='bbox 1027 3307 1065 3378; x_wconf 95' lang='lat' dir='ltr'><strong>in</strong></span> <span class='ocrx_word' id='word_1_136' title='bbox 1088 3305 1338 3396; x_wconf 90' lang='lat' dir='ltr'><strong>pollutionibus</strong></span> 
     </span>
     <span class='ocr_line' id='line_1_26' title="bbox 521 3433 1337 3517; baseline -0.007 -7"><span class='ocrx_word' id='word_1_137' title='bbox 521 3441 780 3517; x_wconf 84' lang='lat' dir='ltr'><strong>conversentur,</strong></span> <span class='ocrx_word' id='word_1_138' title='bbox 801 3433 865 3508; x_wconf 92' lang='lat' dir='ltr'><strong>sed</strong></span> <span class='ocrx_word' id='word_1_139' title='bbox 883 3435 974 3508; x_wconf 90' lang='lat' dir='ltr'><strong>sicut</strong></span> <span class='ocrx_word' id='word_1_140' title='bbox 991 3434 1099 3507; x_wconf 93' lang='lat' dir='ltr'><strong>berba</strong></span> <span class='ocrx_word' id='word_1_141' title='bbox 1118 3449 1337 3508; x_wconf 80' lang='lat' dir='ltr'><strong>marcescens</strong></span> 
     </span>
     <span class='ocr_line' id='line_1_27' title="bbox 521 3561 1339 3652; baseline 0 -18"><span class='ocrx_word' id='word_1_142' title='bbox 521 3567 700 3646; x_wconf 87' lang='lat' dir='ltr'><strong>arescebt;</strong></span> <span class='ocrx_word' id='word_1_143' title='bbox 729 3567 764 3633; x_wconf 92' lang='lat' dir='ltr'><strong>et</strong></span> <span class='ocrx_word' id='word_1_144' title='bbox 781 3561 972 3652; x_wconf 77' lang='lat' dir='ltr'><strong>cogitamus</strong></span> <span class='ocrx_word' id='word_1_145' title='bbox 991 3561 1243 3634; x_wconf 81' lang='lat' dir='ltr'><strong>vehementiam</strong></span> <span class='ocrx_word' id='word_1_146' title='bbox 1263 3579 1339 3634; x_wconf 91' lang='lat' dir='ltr'><strong>oru-</strong></span> 
     </span>
     <span class='ocr_line' id='line_1_28' title="bbox 521 3687 1336 3776; baseline -0.001 -14"><span class='ocrx_word' id='word_1_147' title='bbox 521 3689 670 3762; x_wconf 90' lang='lat' dir='ltr'><strong>delitatis</strong></span> <span class='ocrx_word' id='word_1_148' title='bbox 688 3703 820 3768; x_wconf 82' lang='lat' dir='ltr'><strong>eanum,</strong></span> <span class='ocrx_word' id='word_1_149' title='bbox 839 3703 920 3759; x_wconf 91' lang='lat' dir='ltr'><strong>cum</strong></span> <span class='ocrx_word' id='word_1_150' title='bbox 938 3687 1033 3776; x_wconf 90' lang='lat' dir='ltr'><strong>ipsae</strong></span> <span class='ocrx_word' id='word_1_151' title='bbox 1051 3689 1164 3762; x_wconf 84' lang='lat' dir='ltr'><strong>exitus</strong></span> <span class='ocrx_word' id='word_1_152' title='bbox 1191 3706 1264 3761; x_wconf 93' lang='lat' dir='ltr'><strong>non</strong></span> <span class='ocrx_word' id='word_1_153' title='bbox 1282 3705 1336 3761; x_wconf 93' lang='lat' dir='ltr'><strong>re·</strong></span> 
     </span>
     <span class='ocr_line' id='line_1_29' title="bbox 522 3811 1339 3906; baseline -0.002 -17"><span class='ocrx_word' id='word_1_154' title='bbox 522 3815 719 3896; x_wconf 87' lang='lat' dir='ltr'><strong>cordentur,</strong></span> <span class='ocrx_word' id='word_1_155' title='bbox 739 3811 806 3886; x_wconf 88' lang='lat' dir='ltr'><strong>sed</strong></span> <span class='ocrx_word' id='word_1_156' title='bbox 831 3813 922 3884; x_wconf 90' lang='lat' dir='ltr'><strong>sieut</strong></span> <span class='ocrx_word' id='word_1_157' title='bbox 947 3814 1073 3888; x_wconf 90' lang='lat' dir='ltr'><strong>ductus</strong></span> <span class='ocrx_word' id='word_1_158' title='bbox 1092 3815 1152 3905; x_wconf 87' lang='lat' dir='ltr'><strong>qui</strong></span> <span class='ocrx_word' id='word_1_159' title='bbox 1175 3817 1339 3906; x_wconf 91' lang='lat' dir='ltr'><strong>praeterit</strong></span> 
     </span>
    </p>
   </div>
   <div class='ocr_carea' id='block_1_3' title="bbox 518 3941 1337 4524">
    <p class='ocr_par' dir='ltr' id='par_1_4' title="bbox 518 3941 1337 4430">
     <span class='ocr_line' id='line_1_30' title="bbox 519 3941 1336 4032; baseline -0.004 -15"><span class='ocrx_word' id='word_1_160' title='bbox 519 3943 793 4032; x_wconf 75' lang='lat' dir='ltr'><strong>coniringentuu</strong></span> <span class='ocrx_word' id='word_1_161' title='bbox 821 3947 855 4012; x_wconf 91' lang='lat' dir='ltr'><strong>et</strong></span> <span class='ocrx_word' id='word_1_162' title='bbox 873 3941 1135 4023; x_wconf 87' lang='lat' dir='ltr'><strong>consideramus</strong></span> <span class='ocrx_word' id='word_1_163' title='bbox 1154 3943 1336 4014; x_wconf 90' lang='lat' dir='ltr'><strong>elationem</strong></span> 
     </span>
     <span class='ocr_line' id='line_1_31' title="bbox 520 4041 1337 4164; baseline -0.002 -20"><span class='ocrx_word' id='word_1_164' title='bbox 520 4067 729 4144; x_wconf 85' lang='lat' dir='ltr'><strong>tortitudinis</strong></span> <span class='ocrx_word' id='word_1_165' title='bbox 756 4083 899 4150; x_wconf 91' lang='lat' dir='ltr'><strong>earum,</strong></span> <span class='ocrx_word' id='word_1_166' title='bbox 927 4085 1008 4140; x_wconf 90' lang='lat' dir='ltr'><strong>cnm</strong></span> <span class='ocrx_word' id='word_1_167' title='bbox 1041 4041 1137 4158; x_wconf 84' lang='lat' dir='ltr'><strong>ipsae</strong></span> <span class='ocrx_word' id='word_1_168' title='bbox 1164 4068 1337 4164; x_wconf 76' lang='lat' dir='ltr'><strong>abnegent</strong></span> 
     </span>
     <span class='ocr_line' id='line_1_32' title="bbox 520 4193 1336 4286; baseline 0 -16"><span class='ocrx_word' id='word_1_169' title='bbox 520 4195 768 4286; x_wconf 77' lang='lat' dir='ltr'><strong>benignitatem</strong></span> <span class='ocrx_word' id='word_1_170' title='bbox 787 4193 859 4276; x_wconf 85' lang='lat' dir='ltr'><strong>Dei,</strong></span> <span class='ocrx_word' id='word_1_171' title='bbox 881 4195 941 4284; x_wconf 85' lang='lat' dir='ltr'><strong>qui</strong></span> <span class='ocrx_word' id='word_1_172' title='bbox 959 4194 1055 4268; x_wconf 91' lang='lat' dir='ltr'><strong>dedit</strong></span> <span class='ocrx_word' id='word_1_173' title='bbox 1081 4196 1144 4278; x_wconf 90' lang='lat' dir='ltr'><strong>eis,</strong></span> <span class='ocrx_word' id='word_1_174' title='bbox 1164 4195 1228 4268; x_wconf 91' lang='lat' dir='ltr'><strong>sed</strong></span> <span class='ocrx_word' id='word_1_175' title='bbox 1245 4197 1336 4270; x_wconf 90' lang='lat' dir='ltr'><strong>sicut</strong></span> 
     </span>
     <span class='ocr_line' id='line_1_33' title="bbox 518 4322 1194 4430; baseline -0.004 -33"><span class='ocrx_word' id='word_1_176' title='bbox 518 4323 631 4397; x_wconf 90' lang='lat' dir='ltr'><strong>nubes</strong></span> <span class='ocrx_word' id='word_1_177' title='bbox 651 4339 739 4412; x_wconf 87' lang='lat' dir='ltr'><strong>quoe</strong></span> <span class='ocrx_word' id='word_1_178' title='bbox 756 4323 919 4412; x_wconf 88' lang='lat' dir='ltr'><strong>praeterit</strong></span> <span class='ocrx_word' id='word_1_179' title='bbox 935 4322 1194 4430; x_wconf 69' lang='lat' dir='ltr'><strong>praeteribunt</strong></span> 
     </span>
    </p>

    <p class='ocr_par' dir='ltr' id='par_1_5' title="bbox 572 4449 1332 4524">
     <span class='ocr_line' id='line_1_34' title="bbox 572 4449 1332 4524; baseline 0.005 -4"><span class='ocrx_word' id='word_1_180' title='bbox 572 4449 634 4520; x_wconf 87' lang='lat'><strong>83.</strong></span> <span class='ocrx_word' id='word_1_181' title='bbox 663 4449 862 4520; x_wconf 76' lang='lat' dir='ltr'><strong>ditissimus</strong></span> <span class='ocrx_word' id='word_1_182' title='bbox 889 4449 984 4522; x_wconf 92' lang='lat' dir='ltr'><strong>enim</strong></span> <span class='ocrx_word' id='word_1_183' title='bbox 1011 4449 1209 4522; x_wconf 86' lang='lat' dir='ltr'><strong>accelerans</strong></span> <span class='ocrx_word' id='word_1_184' title='bbox 1235 4467 1332 4524; x_wconf 89' lang='lat' dir='ltr'><strong>acce·</strong></span> 
     </span>
    </p>
   </div>
   <div class='ocr_carea' id='block_1_4' title="bbox 515 4573 1334 5810">
    <p class='ocr_par' dir='ltr' id='par_1_6' title="bbox 515 4573 1334 5810">
     <span class='ocr_line' id='line_1_35' title="bbox 517 4573 1333 4666; baseline -0.001 -15"><span class='ocrx_word' id='word_1_185' title='bbox 517 4575 640 4652; x_wconf 81' lang='lat' dir='ltr'><strong>locabit</strong></span> <span class='ocrx_word' id='word_1_186' title='bbox 656 4581 813 4666; x_wconf 88' lang='lat' dir='ltr'><strong>tempora</strong></span> <span class='ocrx_word' id='word_1_187' title='bbox 830 4593 905 4658; x_wconf 86' lang='lat' dir='ltr'><strong>sue,</strong></span> <span class='ocrx_word' id='word_1_188' title='bbox 926 4581 961 4647; x_wconf 91' lang='lat' dir='ltr'><strong>et</strong></span> <span class='ocrx_word' id='word_1_189' title='bbox 986 4573 1165 4650; x_wconf 89' lang='lat' dir='ltr'><strong>adducens</strong></span> <span class='ocrx_word' id='word_1_190' title='bbox 1184 4575 1333 4652; x_wconf 91' lang='lat' dir='ltr'><strong>adducet</strong></span> 
     </span>
     <span class='ocr_line' id='line_1_36' title="bbox 517 4703 1333 4797; baseline 0.002 -19"><span class='ocrx_word' id='word_1_191' title='bbox 517 4705 622 4778; x_wconf 86' lang='lat' dir='ltr'><strong>boras</strong></span> <span class='ocrx_word' id='word_1_192' title='bbox 648 4721 742 4787; x_wconf 89' lang='lat' dir='ltr'><strong>suas,</strong></span> <span class='ocrx_word' id='word_1_193' title='bbox 763 4710 797 4776; x_wconf 93' lang='lat' dir='ltr'><strong>et</strong></span> <span class='ocrx_word' id='word_1_194' title='bbox 810 4703 971 4794; x_wconf 84' lang='lat' dir='ltr'><strong>judicans</strong></span> <span class='ocrx_word' id='word_1_195' title='bbox 995 4703 1165 4794; x_wconf 83' lang='lat' dir='ltr'><strong>judicabit</strong></span> <span class='ocrx_word' id='word_1_196' title='bbox 1182 4723 1244 4778; x_wconf 91' lang='lat' dir='ltr'><strong>ees</strong></span> <span class='ocrx_word' id='word_1_197' title='bbox 1272 4707 1333 4797; x_wconf 82' lang='lat' dir='ltr'><strong>qui</strong></span> 
     </span>
     <span class='ocr_line' id='line_1_37' title="bbox 520 4822 1332 4918; baseline 0.001 -16"><span class='ocrx_word' id='word_1_198' title='bbox 520 4831 555 4902; x_wconf 91' lang='lat' dir='ltr'><strong>in</strong></span> <span class='ocrx_word' id='word_1_199' title='bbox 582 4827 713 4902; x_wconf 90' lang='lat' dir='ltr'><strong>mundo</strong></span> <span class='ocrx_word' id='word_1_200' title='bbox 732 4827 808 4918; x_wconf 89' lang='lat' dir='ltr'><strong>ejus</strong></span> <span class='ocrx_word' id='word_1_201' title='bbox 836 4835 984 4912; x_wconf 76' lang='lat' dir='ltr'><strong>suntet</strong></span> <span class='ocrx_word' id='word_1_202' title='bbox 1011 4822 1160 4902; x_wconf 83' lang='lat' dir='ltr'><strong>visitabit</strong></span> <span class='ocrx_word' id='word_1_203' title='bbox 1179 4831 1215 4902; x_wconf 91' lang='lat' dir='ltr'><strong>in</strong></span> <span class='ocrx_word' id='word_1_204' title='bbox 1242 4831 1332 4903; x_wconf 87' lang='lat' dir='ltr'><strong>reri·</strong></span> 
     </span>
     <span class='ocr_line' id='line_1_38' title="bbox 517 4954 1334 5048; baseline 0.002 -20"><span class='ocrx_word' id='word_1_205' title='bbox 517 4961 585 5030; x_wconf 89' lang='lat' dir='ltr'><strong>tate</strong></span> <span class='ocrx_word' id='word_1_206' title='bbox 630 4954 905 5046; x_wconf 79' lang='lat' dir='ltr'><strong>unumquodque</strong></span> <span class='ocrx_word' id='word_1_207' title='bbox 931 4971 996 5046; x_wconf 91' lang='lat' dir='ltr'><strong>por</strong></span> <span class='ocrx_word' id='word_1_208' title='bbox 1031 4956 1192 5030; x_wconf 85' lang='lat' dir='ltr'><strong>universa</strong></span> <span class='ocrx_word' id='word_1_209' title='bbox 1228 4973 1334 5048; x_wconf 87' lang='lat' dir='ltr'><strong>opera</strong></span> 
     </span>
     <span class='ocr_line' id='line_1_39' title="bbox 518 5082 1331 5174; baseline 0.001 -17"><span class='ocrx_word' id='word_1_210' title='bbox 518 5101 637 5158; x_wconf 91' lang='lat' dir='ltr'><strong>eorum</strong></span> <span class='ocrx_word' id='word_1_211' title='bbox 676 5101 765 5174; x_wconf 82' lang='lat' dir='ltr'><strong>uuae</strong></span> <span class='ocrx_word' id='word_1_212' title='bbox 791 5087 931 5174; x_wconf 89' lang='lat' dir='ltr'><strong>peccata</strong></span> <span class='ocrx_word' id='word_1_213' title='bbox 958 5082 1121 5166; x_wconf 86' lang='lat' dir='ltr'><strong>luerunt,</strong></span> <span class='ocrx_word' id='word_1_214' title='bbox 1160 5089 1195 5156; x_wconf 91' lang='lat' dir='ltr'><strong>et</strong></span> <span class='ocrx_word' id='word_1_215' title='bbox 1234 5101 1331 5158; x_wconf 90' lang='lat' dir='ltr'><strong>scru-</strong></span> 
     </span>
     <span class='ocr_line' id='line_1_40' title="bbox 518 5210 1334 5302; baseline 0.002 -18"><span class='ocrx_word' id='word_1_216' title='bbox 518 5217 595 5284; x_wconf 90' lang='lat' dir='ltr'><strong>tans</strong></span> <span class='ocrx_word' id='word_1_217' title='bbox 613 5210 825 5286; x_wconf 88' lang='lat' dir='ltr'><strong>scrutabitur</strong></span> <span class='ocrx_word' id='word_1_218' title='bbox 855 5211 1079 5302; x_wconf 77' lang='lat' dir='ltr'><strong>mgitationes</strong></span> <span class='ocrx_word' id='word_1_219' title='bbox 1107 5213 1270 5296; x_wconf 91' lang='lat' dir='ltr'><strong>occultas,</strong></span> <span class='ocrx_word' id='word_1_220' title='bbox 1299 5219 1334 5286; x_wconf 89' lang='lat' dir='ltr'><strong>et</strong></span> 
     </span>
     <span class='ocr_line' id='line_1_41' title="bbox 517 5335 1333 5434; baseline 0.005 -24"><span class='ocrx_word' id='word_1_221' title='bbox 517 5335 765 5428; x_wconf 80' lang='lat' dir='ltr'><strong>quodcumque</strong></span> <span class='ocrx_word' id='word_1_222' title='bbox 783 5343 838 5410; x_wconf 90' lang='lat' dir='ltr'><strong>est</strong></span> <span class='ocrx_word' id='word_1_223' title='bbox 855 5337 892 5410; x_wconf 94' lang='lat' dir='ltr'><strong>in</strong></span> <span class='ocrx_word' id='word_1_224' title='bbox 914 5337 1149 5429; x_wconf 81' lang='lat' dir='ltr'><strong>penetralibus</strong></span> <span class='ocrx_word' id='word_1_225' title='bbox 1176 5340 1333 5434; x_wconf 86' lang='lat' dir='ltr'><strong>emnium</strong></span> 
     </span>
     <span class='ocr_line' id='line_1_42' title="bbox 516 5461 1334 5558; baseline 0.005 -22"><span class='ocrx_word' id='word_1_226' title='bbox 516 5461 773 5545; x_wconf 87' lang='lat' dir='ltr'><strong>membrorum,</strong></span> <span class='ocrx_word' id='word_1_227' title='bbox 802 5463 899 5554; x_wconf 83' lang='lat' dir='ltr'><strong>quod</strong></span> <span class='ocrx_word' id='word_1_228' title='bbox 933 5464 970 5537; x_wconf 92' lang='lat' dir='ltr'><strong>in</strong></span> <span class='ocrx_word' id='word_1_229' title='bbox 998 5463 1215 5556; x_wconf 85' lang='lat' dir='ltr'><strong>improbitate</strong></span> <span class='ocrx_word' id='word_1_230' title='bbox 1242 5466 1334 5558; x_wconf 91' lang='lat' dir='ltr'><strong>posi·</strong></span> 
     </span>
     <span class='ocr_line' id='line_1_43' title="bbox 516 5589 1333 5680; baseline 0.005 -18"><span class='ocrx_word' id='word_1_231' title='bbox 516 5595 590 5662; x_wconf 89' lang='lat' dir='ltr'><strong>tum</strong></span> <span class='ocrx_word' id='word_1_232' title='bbox 618 5593 683 5671; x_wconf 92' lang='lat' dir='ltr'><strong>est,</strong></span> <span class='ocrx_word' id='word_1_233' title='bbox 704 5593 739 5660; x_wconf 93' lang='lat' dir='ltr'><strong>et</strong></span> <span class='ocrx_word' id='word_1_234' title='bbox 764 5589 802 5662; x_wconf 92' lang='lat' dir='ltr'><strong>in</strong></span> <span class='ocrx_word' id='word_1_235' title='bbox 827 5590 941 5680; x_wconf 89' lang='lat' dir='ltr'><strong>palam</strong></span> <span class='ocrx_word' id='word_1_236' title='bbox 968 5609 1085 5666; x_wconf 87' lang='lat' dir='ltr'><strong>coram</strong></span> <span class='ocrx_word' id='word_1_237' title='bbox 1104 5591 1269 5666; x_wconf 89' lang='lat' dir='ltr'><strong>omnibus</strong></span> <span class='ocrx_word' id='word_1_238' title='bbox 1295 5593 1333 5666; x_wconf 93' lang='lat' dir='ltr'><strong>in</strong></span> 
     </span>
     <span class='ocr_line' id='line_1_44' title="bbox 515 5713 1333 5810; baseline 0.007 -20"><span class='ocrx_word' id='word_1_239' title='bbox 515 5715 751 5806; x_wconf 86' lang='lat' dir='ltr'><strong>increpatione</strong></span> <span class='ocrx_word' id='word_1_240' title='bbox 777 5713 913 5792; x_wconf 87' lang='lat' dir='ltr'><strong>educet.</strong></span> <span class='ocrx_word' id='word_1_241' title='bbox 940 5715 990 5794; x_wconf 87' lang='lat' dir='ltr'><strong>lle</strong></span> <span class='ocrx_word' id='word_1_242' title='bbox 1009 5735 1092 5810; x_wconf 73' lang='lat' dir='ltr'><strong>ergo</strong></span> <span class='ocrx_word' id='word_1_243' title='bbox 1110 5717 1274 5794; x_wconf 82' lang='lat' dir='ltr'><strong>ascendat</strong></span> <span class='ocrx_word' id='word_1_244' title='bbox 1296 5719 1333 5796; x_wconf 94' lang='lat' dir='ltr'><strong>io</strong></span> 
     </span>
    </p>
   </div>
   <div class='ocr_carea' id='block_1_5' title="bbox 1423 378 2188 3006">
    <p class='ocr_par' dir='ltr' id='par_1_7' title="bbox 1423 378 2188 3006">
     <span class='ocr_line' id='line_1_45' title="bbox 1425 378 2179 472; baseline 0.005 -16"><span class='ocrx_word' id='word_1_245' title='bbox 1425 399 1487 456; x_wconf 86' lang='lat' dir='ltr'><strong>cor</strong></span> <span class='ocrx_word' id='word_1_246' title='bbox 1504 385 1656 454; x_wconf 85' lang='lat' dir='ltr'><strong>vestrum</strong></span> <span class='ocrx_word' id='word_1_247' title='bbox 1684 396 1753 453; x_wconf 90' lang='lat' dir='ltr'><strong>una</strong></span> <span class='ocrx_word' id='word_1_248' title='bbox 1770 397 1816 454; x_wconf 87' lang='lat' dir='ltr'><strong>ex</strong></span> <span class='ocrx_word' id='word_1_249' title='bbox 1843 379 1917 452; x_wconf 92' lang='lat' dir='ltr'><strong>istis</strong></span> <span class='ocrx_word' id='word_1_250' title='bbox 1945 378 2041 454; x_wconf 88' lang='lat' dir='ltr'><strong>rebus</strong></span> <span class='ocrx_word' id='word_1_251' title='bbox 2064 399 2179 472; x_wconf 86' lang='lat' dir='ltr'><strong>praesen·</strong></span> 
     </span>
     <span class='ocr_line' id='line_1_46' title="bbox 1424 496 2181 600; baseline 0.007 -20"><span class='ocrx_word' id='word_1_252' title='bbox 1424 507 1530 590; x_wconf 83' lang='lat' dir='ltr'><strong>dhus,</strong></span> <span class='ocrx_word' id='word_1_253' title='bbox 1558 505 1623 580; x_wconf 91' lang='lat' dir='ltr'><strong>sed</strong></span> <span class='ocrx_word' id='word_1_254' title='bbox 1650 507 1799 579; x_wconf 85' lang='lat' dir='ltr'><strong>maxime</strong></span> <span class='ocrx_word' id='word_1_255' title='bbox 1819 496 2125 600; x_wconf 79' lang='lat' dir='ltr'><strong>expectemus&#39;quia</strong></span> <span class='ocrx_word' id='word_1_256' title='bbox 2143 515 2181 586; x_wconf 87' lang='lat' dir='ltr'><strong>al·</strong></span> 
     </span>
     <span class='ocr_line' id='line_1_47' title="bbox 1426 632 2181 731; baseline 0.011 -25"><span class='ocrx_word' id='word_1_257' title='bbox 1426 635 1542 708; x_wconf 90' lang='lat' dir='ltr'><strong>reniet</strong></span> <span class='ocrx_word' id='word_1_258' title='bbox 1560 632 1656 724; x_wconf 86' lang='lat' dir='ltr'><strong>quod</strong></span> <span class='ocrx_word' id='word_1_259' title='bbox 1674 633 1887 723; x_wconf 90' lang='lat' dir='ltr'><strong>promissum</strong></span> <span class='ocrx_word' id='word_1_260' title='bbox 1907 639 1969 722; x_wconf 72' lang='lat' dir='ltr'><strong>¹est;</strong></span> <span class='ocrx_word' id='word_1_261' title='bbox 1997 651 2095 726; x_wconf 79' lang='lat' dir='ltr'><strong>neque</strong></span> <span class='ocrx_word' id='word_1_262' title='bbox 2108 643 2181 731; x_wconf 85' lang='lat' dir='ltr'><strong>repi-</strong></span> 
     </span>
     <span class='ocr_line' id='line_1_48' title="bbox 1427 758 2184 856; baseline 0.008 -22"><span class='ocrx_word' id='word_1_263' title='bbox 1427 761 1560 834; x_wconf 90' lang='lat' dir='ltr'><strong>ciamus</strong></span> <span class='ocrx_word' id='word_1_264' title='bbox 1578 758 1623 831; x_wconf 93' lang='lat' dir='ltr'><strong>ad</strong></span> <span class='ocrx_word' id='word_1_265' title='bbox 1649 758 1789 833; x_wconf 89' lang='lat' dir='ltr'><strong>delicias</strong></span> <span class='ocrx_word' id='word_1_266' title='bbox 1809 761 1962 852; x_wconf 80' lang='lat' dir='ltr'><strong>gentium</strong></span> <span class='ocrx_word' id='word_1_267' title='bbox 1981 761 2079 854; x_wconf 79' lang='lat' dir='ltr'><strong>buius</strong></span> <span class='ocrx_word' id='word_1_268' title='bbox 2096 771 2184 856; x_wconf 87' lang='lat' dir='ltr'><strong>tenpo</strong></span> 
     </span>
     <span class='ocr_line' id='line_1_49' title="bbox 1427 877 2182 979; baseline 0.011 -19"><span class='ocrx_word' id='word_1_269' title='bbox 1427 889 1488 971; x_wconf 90' lang='lat' dir='ltr'><strong>ris,</strong></span> <span class='ocrx_word' id='word_1_270' title='bbox 1517 885 1583 960; x_wconf 87' lang='lat' dir='ltr'><strong>sed</strong></span> <span class='ocrx_word' id='word_1_271' title='bbox 1609 887 1835 961; x_wconf 92' lang='lat' dir='ltr'><strong>recordemur</strong></span> <span class='ocrx_word' id='word_1_272' title='bbox 1868 877 2022 979; x_wconf 79' lang='lat' dir='ltr'><strong>quodie</strong></span> <span class='ocrx_word' id='word_1_273' title='bbox 2044 893 2182 968; x_wconf 81' lang='lat' dir='ltr'><strong>notissimo</strong></span> 
     </span>
     <span class='ocr_line' id='line_1_50' title="bbox 1426 1017 2184 1109; baseline 0.011 -21"><span class='ocrx_word' id='word_1_274' title='bbox 1426 1017 1641 1108; x_wconf 88' lang='lat' dir='ltr'><strong>promissum</strong></span> <span class='ocrx_word' id='word_1_275' title='bbox 1659 1023 1714 1090; x_wconf 91' lang='lat' dir='ltr'><strong>est</strong></span> <span class='ocrx_word' id='word_1_276' title='bbox 1740 1017 1856 1094; x_wconf 87' lang='lat' dir='ltr'><strong>nobis.</strong></span> <span class='ocrx_word' id='word_1_277' title='bbox 1878 1018 1963 1103; x_wconf 87' lang='lat' dir='ltr'><strong>Quia</strong></span> <span class='ocrx_word' id='word_1_278' title='bbox 1988 1024 2184 1109; x_wconf 80' lang='lat' dir='ltr'><strong>praetereuntes</strong></span> 
     </span>
     <span class='ocr_line' id='line_1_51' title="bbox 1427 1143 2184 1236; baseline 0.007 -20"><span class='ocrx_word' id='word_1_279' title='bbox 1427 1143 1665 1234; x_wconf 85' lang='lat' dir='ltr'><strong>praeteribunt</strong></span> <span class='ocrx_word' id='word_1_280' title='bbox 1685 1143 1775 1218; x_wconf 84' lang='lat' dir='ltr'><strong>flues</strong></span> <span class='ocrx_word' id='word_1_281' title='bbox 1794 1151 1988 1236; x_wconf 86' lang='lat' dir='ltr'><strong>temporum</strong></span> <span class='ocrx_word' id='word_1_282' title='bbox 2007 1153 2038 1218; x_wconf 92' lang='lat' dir='ltr'><strong>et</strong></span> <span class='ocrx_word' id='word_1_283' title='bbox 2059 1146 2184 1232; x_wconf 86' lang='lat' dir='ltr'><strong>burano,</strong></span> 
     </span>
     <span class='ocr_line' id='line_1_52' title="bbox 1428 1271 2184 1364; baseline 0.005 -19"><span class='ocrx_word' id='word_1_284' title='bbox 1428 1277 1463 1346; x_wconf 87' lang='lat' dir='ltr'><strong>et</strong></span> <span class='ocrx_word' id='word_1_285' title='bbox 1480 1271 1727 1364; x_wconf 83' lang='lat' dir='ltr'><strong>quodcumque</strong></span> <span class='ocrx_word' id='word_1_286' title='bbox 1745 1279 1800 1348; x_wconf 91' lang='lat' dir='ltr'><strong>est</strong></span> <span class='ocrx_word' id='word_1_287' title='bbox 1818 1273 1856 1346; x_wconf 92' lang='lat' dir='ltr'><strong>in</strong></span> <span class='ocrx_word' id='word_1_288' title='bbox 1874 1273 1925 1346; x_wconf 90' lang='lat' dir='ltr'><strong>eis</strong></span> <span class='ocrx_word' id='word_1_289' title='bbox 1943 1275 2053 1360; x_wconf 89' lang='lat' dir='ltr'><strong>simul;</strong></span> <span class='ocrx_word' id='word_1_290' title='bbox 2070 1295 2184 1349; x_wconf 91' lang='lat' dir='ltr'><strong>consuu-</strong></span> 
     </span>
     <span class='ocr_line' id='line_1_53' title="bbox 1428 1399 2185 1474; baseline 0.003 -2"><span class='ocrx_word' id='word_1_291' title='bbox 1428 1400 1533 1472; x_wconf 90' lang='lat' dir='ltr'><strong>matio</strong></span> <span class='ocrx_word' id='word_1_292' title='bbox 1553 1417 1635 1474; x_wconf 89' lang='lat' dir='ltr'><strong>rere</strong></span> <span class='ocrx_word' id='word_1_293' title='bbox 1663 1401 1773 1474; x_wconf 91' lang='lat' dir='ltr'><strong>seculi</strong></span> <span class='ocrx_word' id='word_1_294' title='bbox 1801 1405 1885 1472; x_wconf 91' lang='lat' dir='ltr'><strong>tune</strong></span> <span class='ocrx_word' id='word_1_295' title='bbox 1904 1399 2055 1472; x_wconf 90' lang='lat' dir='ltr'><strong>ostendet</strong></span> <span class='ocrx_word' id='word_1_296' title='bbox 2074 1401 2185 1474; x_wconf 77' lang='lat' dir='ltr'><strong>ridebo</strong></span> 
     </span>
     <span class='ocr_line' id='line_1_54' title="bbox 1428 1526 2185 1636; baseline -0.004 -36"><span class='ocrx_word' id='word_1_297' title='bbox 1428 1545 1589 1618; x_wconf 80' lang='lat' dir='ltr'><strong>maguam</strong></span> <span class='ocrx_word' id='word_1_298' title='bbox 1615 1527 1861 1618; x_wconf 79' lang='lat' dir='ltr'><strong>gubernatoris</strong></span> <span class='ocrx_word' id='word_1_299' title='bbox 1889 1526 1976 1616; x_wconf 86' lang='lat' dir='ltr'><strong>ejus,</strong></span> <span class='ocrx_word' id='word_1_300' title='bbox 2002 1527 2119 1636; x_wconf 83' lang='lat' dir='ltr'><strong>quaudo</strong></span> <span class='ocrx_word' id='word_1_301' title='bbox 2139 1545 2185 1598; x_wconf 93' lang='lat' dir='ltr'><strong>on-</strong></span> 
     </span>
     <span class='ocr_line' id='line_1_55' title="bbox 1429 1629 2187 1764; baseline -0.005 -36"><span class='ocrx_word' id='word_1_302' title='bbox 1429 1657 1485 1728; x_wconf 90' lang='lat' dir='ltr'><strong>nia</strong></span> <span class='ocrx_word' id='word_1_303' title='bbox 1503 1656 1644 1728; x_wconf 87' lang='lat' dir='ltr'><strong>venient</strong></span> <span class='ocrx_word' id='word_1_304' title='bbox 1661 1656 1706 1728; x_wconf 90' lang='lat' dir='ltr'><strong>ud</strong></span> <span class='ocrx_word' id='word_1_305' title='bbox 1728 1629 1912 1745; x_wconf 69' lang='lat' dir='ltr'><strong>iudicium.</strong></span> <span class='ocrx_word' id='word_1_306' title='bbox 1933 1655 2000 1728; x_wconf 90' lang='lat' dir='ltr'><strong>llos</strong></span> <span class='ocrx_word' id='word_1_307' title='bbox 2022 1672 2092 1746; x_wconf 79' lang='lat' dir='ltr'><strong>erpo</strong></span> <span class='ocrx_word' id='word_1_308' title='bbox 2109 1661 2187 1764; x_wconf 75' lang='lat' dir='ltr'><strong>parate</strong></span> 
     </span>
     <span class='ocr_line' id='line_1_56' title="bbox 1423 1777 2185 1872; baseline -0.009 -16"><span class='ocrx_word' id='word_1_309' title='bbox 1423 1782 1536 1856; x_wconf 86' lang='lat' dir='ltr'><strong>eorda</strong></span> <span class='ocrx_word' id='word_1_310' title='bbox 1553 1789 1666 1855; x_wconf 87' lang='lat' dir='ltr'><strong>restra</strong></span> <span class='ocrx_word' id='word_1_311' title='bbox 1685 1782 1730 1854; x_wconf 92' lang='lat' dir='ltr'><strong>ad</strong></span> <span class='ocrx_word' id='word_1_312' title='bbox 1747 1782 1846 1864; x_wconf 89' lang='lat' dir='ltr'><strong>illud,</strong></span> <span class='ocrx_word' id='word_1_313' title='bbox 1868 1781 1964 1872; x_wconf 89' lang='lat' dir='ltr'><strong>quod</strong></span> <span class='ocrx_word' id='word_1_314' title='bbox 1980 1787 2069 1852; x_wconf 75' lang='lat' dir='ltr'><strong>anua</strong></span> <span class='ocrx_word' id='word_1_315' title='bbox 2084 1777 2185 1852; x_wconf 82' lang='lat' dir='ltr'><strong>eolid-</strong></span> 
     </span>
     <span class='ocr_line' id='line_1_57' title="bbox 1430 1905 2186 2000; baseline -0.008 -18"><span class='ocrx_word' id='word_1_316' title='bbox 1430 1909 1505 1991; x_wconf 88' lang='lat' dir='ltr'><strong>stis,</strong></span> <span class='ocrx_word' id='word_1_317' title='bbox 1526 1927 1571 1982; x_wconf 93' lang='lat' dir='ltr'><strong>ne</strong></span> <span class='ocrx_word' id='word_1_318' title='bbox 1597 1909 1641 1982; x_wconf 93' lang='lat' dir='ltr'><strong>ab</strong></span> <span class='ocrx_word' id='word_1_319' title='bbox 1668 1916 1819 2000; x_wconf 86' lang='lat' dir='ltr'><strong>utroque</strong></span> <span class='ocrx_word' id='word_1_320' title='bbox 1837 1909 1957 1983; x_wconf 91' lang='lat' dir='ltr'><strong>secuto</strong></span> <span class='ocrx_word' id='word_1_321' title='bbox 1975 1905 2186 1996; x_wconf 86' lang='lat' dir='ltr'><strong>comprehenda-</strong></span> 
     </span>
     <span class='ocr_line' id='line_1_58' title="bbox 1431 2034 2187 2127; baseline -0.005 -19"><span class='ocrx_word' id='word_1_322' title='bbox 1431 2035 1527 2118; x_wconf 90' lang='lat' dir='ltr'><strong>mini,</strong></span> <span class='ocrx_word' id='word_1_323' title='bbox 1544 2036 1640 2126; x_wconf 84' lang='lat' dir='ltr'><strong>quod</strong></span> <span class='ocrx_word' id='word_1_324' title='bbox 1653 2037 1776 2127; x_wconf 86' lang='lat' dir='ltr'><strong>captivi</strong></span> <span class='ocrx_word' id='word_1_325' title='bbox 1795 2036 1936 2110; x_wconf 88' lang='lat' dir='ltr'><strong>abducti</strong></span> <span class='ocrx_word' id='word_1_326' title='bbox 1953 2034 2093 2116; x_wconf 86' lang='lat' dir='ltr'><strong>sitisbic,</strong></span> <span class='ocrx_word' id='word_1_327' title='bbox 2106 2041 2131 2108; x_wconf 93' lang='lat' dir='ltr'><strong>et</strong></span> <span class='ocrx_word' id='word_1_328' title='bbox 2143 2034 2187 2104; x_wconf 88' lang='lat' dir='ltr'><strong>illio</strong></span> 
     </span>
     <span class='ocr_line' id='line_1_59' title="bbox 1430 2155 2187 2248; baseline -0.009 -12"><span class='ocrx_word' id='word_1_329' title='bbox 1430 2163 1642 2236; x_wconf 88' lang='lat' dir='ltr'><strong>cruciemini.</strong></span> <span class='ocrx_word' id='word_1_330' title='bbox 1657 2162 1759 2248; x_wconf 87' lang='lat' dir='ltr'><strong>Quod</strong></span> <span class='ocrx_word' id='word_1_331' title='bbox 1777 2163 1873 2236; x_wconf 90' lang='lat' dir='ltr'><strong>enim</strong></span> <span class='ocrx_word' id='word_1_332' title='bbox 1892 2168 1945 2234; x_wconf 91' lang='lat' dir='ltr'><strong>cst</strong></span> <span class='ocrx_word' id='word_1_333' title='bbox 1963 2179 2057 2243; x_wconf 90' lang='lat' dir='ltr'><strong>nuuc,</strong></span> <span class='ocrx_word' id='word_1_334' title='bbox 2071 2155 2187 2248; x_wconf 84' lang='lat' dir='ltr'><strong>autpot</strong></span> 
     </span>
     <span class='ocr_line' id='line_1_60' title="bbox 1430 2285 2188 2395; baseline -0.008 -35"><span class='ocrx_word' id='word_1_335' title='bbox 1430 2289 1616 2381; x_wconf 88' lang='lat' dir='ltr'><strong>praeteriit,</strong></span> <span class='ocrx_word' id='word_1_336' title='bbox 1633 2295 1691 2360; x_wconf 88' lang='lat' dir='ltr'><strong>aut</strong></span> <span class='ocrx_word' id='word_1_337' title='bbox 1704 2288 1935 2380; x_wconf 83' lang='lat' dir='ltr'><strong>quodreniet,</strong></span> <span class='ocrx_word' id='word_1_338' title='bbox 1947 2289 1981 2360; x_wconf 90' lang='lat' dir='ltr'><strong>in</strong></span> <span class='ocrx_word' id='word_1_339' title='bbox 1995 2285 2130 2358; x_wconf 88' lang='lat' dir='ltr'><strong>omnibus</strong></span> <span class='ocrx_word' id='word_1_340' title='bbox 2140 2285 2188 2395; x_wconf 84' lang='lat' dir='ltr'><strong>istis</strong></span> 
     </span>
     <span class='ocr_line' id='line_1_61' title="bbox 1430 2412 2185 2507; baseline -0.016 -17"><span class='ocrx_word' id='word_1_341' title='bbox 1430 2435 1546 2506; x_wconf 86' lang='lat' dir='ltr'><strong>neque</strong></span> <span class='ocrx_word' id='word_1_342' title='bbox 1566 2421 1694 2488; x_wconf 90' lang='lat' dir='ltr'><strong>malurn</strong></span> <span class='ocrx_word' id='word_1_343' title='bbox 1708 2417 1837 2488; x_wconf 85' lang='lat' dir='ltr'><strong>rnalmn</strong></span> <span class='ocrx_word' id='word_1_344' title='bbox 1857 2416 1971 2507; x_wconf 91' lang='lat' dir='ltr'><strong>plene,</strong></span> <span class='ocrx_word' id='word_1_345' title='bbox 1986 2431 2087 2503; x_wconf 78' lang='lat' dir='ltr'><strong>neque</strong></span> <span class='ocrx_word' id='word_1_346' title='bbox 2102 2412 2185 2483; x_wconf 77' lang='lat' dir='ltr'><strong>ieron</strong></span> 
     </span>
     <span class='ocr_line' id='line_1_62' title="bbox 1429 2537 2187 2634; baseline -0.015 -18"><span class='ocrx_word' id='word_1_347' title='bbox 1429 2543 1562 2616; x_wconf 91' lang='lat' dir='ltr'><strong>bonum</strong></span> <span class='ocrx_word' id='word_1_348' title='bbox 1581 2545 1684 2634; x_wconf 90' lang='lat' dir='ltr'><strong>plene</strong></span> <span class='ocrx_word' id='word_1_349' title='bbox 1701 2542 1834 2616; x_wconf 91' lang='lat' dir='ltr'><strong>bonurn</strong></span> <span class='ocrx_word' id='word_1_350' title='bbox 1856 2549 1921 2615; x_wconf 84' lang='lat' dir='ltr'><strong>est</strong></span> <span class='ocrx_word' id='word_1_351' title='bbox 1937 2541 2056 2612; x_wconf 87' lang='lat' dir='ltr'><strong>Omnes</strong></span> <span class='ocrx_word' id='word_1_352' title='bbox 2072 2537 2143 2610; x_wconf 88' lang='lat' dir='ltr'><strong>enin</strong></span> <span class='ocrx_word' id='word_1_353' title='bbox 2156 2551 2187 2604; x_wconf 84' lang='lat' dir='ltr'><strong>sa·</strong></span> 
     </span>
     <span class='ocr_line' id='line_1_63' title="bbox 1431 2661 2188 2758; baseline -0.013 -18"><span class='ocrx_word' id='word_1_354' title='bbox 1431 2668 1556 2742; x_wconf 88' lang='lat' dir='ltr'><strong>uitales</strong></span> <span class='ocrx_word' id='word_1_355' title='bbox 1574 2669 1678 2758; x_wconf 84' lang='lat' dir='ltr'><strong>nujus</strong></span> <span class='ocrx_word' id='word_1_356' title='bbox 1697 2669 1866 2758; x_wconf 89' lang='lat' dir='ltr'><strong>temporis</strong></span> <span class='ocrx_word' id='word_1_357' title='bbox 1886 2661 2188 2740; x_wconf 85' lang='lat' dir='ltr'><strong>convertunturiuiu·</strong></span> 
     </span>
     <span class='ocr_line' id='line_1_64' title="bbox 1430 2781 2186 2884; baseline -0.016 -16"><span class='ocrx_word' id='word_1_358' title='bbox 1430 2795 1624 2880; x_wconf 83' lang='lat' dir='ltr'><strong>firmitates,</strong></span> <span class='ocrx_word' id='word_1_359' title='bbox 1644 2803 1679 2868; x_wconf 91' lang='lat' dir='ltr'><strong>et</strong></span> <span class='ocrx_word' id='word_1_360' title='bbox 1696 2781 1810 2868; x_wconf 88' lang='lat' dir='ltr'><strong>omnis</strong></span> <span class='ocrx_word' id='word_1_361' title='bbox 1829 2795 1941 2868; x_wconf 86' lang='lat' dir='ltr'><strong>virtus</strong></span> <span class='ocrx_word' id='word_1_362' title='bbox 1960 2794 2054 2884; x_wconf 82' lang='lat' dir='ltr'><strong>nujus</strong></span> <span class='ocrx_word' id='word_1_363' title='bbox 2070 2787 2186 2878; x_wconf 87' lang='lat' dir='ltr'><strong>temporis</strong></span> 
     </span>
     <span class='ocr_line' id='line_1_65' title="bbox 1430 2913 2187 3006; baseline -0.021 -8"><span class='ocrx_word' id='word_1_364' title='bbox 1430 2925 1644 2998; x_wconf 88' lang='lat' dir='ltr'><strong>convertitur</strong></span> <span class='ocrx_word' id='word_1_365' title='bbox 1661 2925 1697 2996; x_wconf 94' lang='lat' dir='ltr'><strong>in</strong></span> <span class='ocrx_word' id='word_1_366' title='bbox 1716 2925 1996 3006; x_wconf 87' lang='lat' dir='ltr'><strong>imbecillitatem,</strong></span> <span class='ocrx_word' id='word_1_367' title='bbox 2011 2927 2042 2994; x_wconf 92' lang='lat' dir='ltr'><strong>et</strong></span> <span class='ocrx_word' id='word_1_368' title='bbox 2056 2918 2144 2992; x_wconf 80' lang='lat' dir='ltr'><strong>omns</strong></span> <span class='ocrx_word' id='word_1_369' title='bbox 2156 2913 2187 2984; x_wconf 84' lang='lat' dir='ltr'><strong>ris</strong></span> 
     </span>
    </p>
   </div>
   <div class='ocr_carea' id='block_1_6' title="bbox 1393 3039 2188 3143">
    <p class='ocr_par' dir='ltr' id='par_1_8' title="bbox 1393 3039 2188 3143">
     <span class='ocr_line' id='line_1_66' title="bbox 1393 3039 2188 3143; baseline -0.02 -19"><span class='ocrx_word' id='word_1_370' title='bbox 1393 3039 1398 3054; x_wconf 85' lang='lat'>&#39;</span> <span class='ocrx_word' id='word_1_371' title='bbox 1432 3051 1536 3142; x_wconf 78' lang='lat' dir='ltr'><strong>buius</strong></span> <span class='ocrx_word' id='word_1_372' title='bbox 1556 3053 1721 3143; x_wconf 90' lang='lat' dir='ltr'><strong>temporis</strong></span> <span class='ocrx_word' id='word_1_373' title='bbox 1740 3052 1954 3124; x_wconf 88' lang='lat' dir='ltr'><strong>convertitur</strong></span> <span class='ocrx_word' id='word_1_374' title='bbox 1969 3049 2005 3122; x_wconf 91' lang='lat' dir='ltr'><strong>iu</strong></span> <span class='ocrx_word' id='word_1_375' title='bbox 2022 3043 2188 3121; x_wconf 78' lang='lat' dir='ltr'><strong>miseriaset</strong></span> 
     </span>
    </p>
   </div>
   <div class='ocr_carea' id='block_1_7' title="bbox 1432 3173 2187 3271">
    <p class='ocr_par' dir='ltr' id='par_1_9' title="bbox 1432 3173 2187 3271">
     <span class='ocr_line' id='line_1_67' title="bbox 1432 3173 2187 3271; baseline -0.02 -19"><span class='ocrx_word' id='word_1_376' title='bbox 1432 3181 1547 3254; x_wconf 89' lang='lat' dir='ltr'><strong>omnis</strong></span> <span class='ocrx_word' id='word_1_377' title='bbox 1566 3181 1664 3271; x_wconf 80' lang='lat' dir='ltr'><strong>rigor</strong></span> <span class='ocrx_word' id='word_1_378' title='bbox 1678 3181 1873 3270; x_wconf 81' lang='lat' dir='ltr'><strong>juventutis</strong></span> <span class='ocrx_word' id='word_1_379' title='bbox 1892 3177 2088 3254; x_wconf 87' lang='lat' dir='ltr'><strong>convertitur</strong></span> <span class='ocrx_word' id='word_1_380' title='bbox 2108 3173 2135 3244; x_wconf 92' lang='lat' dir='ltr'><strong>in</strong></span> <span class='ocrx_word' id='word_1_381' title='bbox 2154 3183 2187 3238; x_wconf 88' lang='lat' dir='ltr'><strong>se·</strong></span> 
     </span>
    </p>
   </div>
   <div class='ocr_carea' id='block_1_8' title="bbox 1398 3291 2188 3386">
    <p class='ocr_par' dir='ltr' id='par_1_10' title="bbox 1398 3291 2188 3386">
     <span class='ocr_line' id='line_1_68' title="bbox 1398 3291 2188 3386; baseline -0.028 -5"><span class='ocrx_word' id='word_1_382' title='bbox 1398 3361 1404 3374; x_wconf 89' lang='grc'>.</span> <span class='ocrx_word' id='word_1_383' title='bbox 1432 3313 1607 3380; x_wconf 89' lang='lat' dir='ltr'><strong>nectutem</strong></span> <span class='ocrx_word' id='word_1_384' title='bbox 1635 3314 1671 3380; x_wconf 92' lang='lat' dir='ltr'><strong>et</strong></span> <span class='ocrx_word' id='word_1_385' title='bbox 1696 3309 2039 3386; x_wconf 88' lang='lat' dir='ltr'><strong>consummationem,</strong></span> <span class='ocrx_word' id='word_1_386' title='bbox 2065 3306 2093 3372; x_wconf 91' lang='lat' dir='ltr'><strong>et</strong></span> <span class='ocrx_word' id='word_1_387' title='bbox 2113 3291 2188 3369; x_wconf 87' lang='lat' dir='ltr'><strong>onuls</strong></span> 
     </span>
    </p>
   </div>
   <div class='ocr_carea' id='block_1_9' title="bbox 1430 3429 2189 3779">
    <p class='ocr_par' dir='ltr' id='par_1_11' title="bbox 1430 3429 2189 3779">
     <span class='ocr_line' id='line_1_69' title="bbox 1430 3429 2189 3525; baseline -0.026 -18"><span class='ocrx_word' id='word_1_388' title='bbox 1430 3433 1652 3525; x_wconf 82' lang='lat' dir='ltr'><strong>pulchritudo</strong></span> <span class='ocrx_word' id='word_1_389' title='bbox 1662 3433 1799 3508; x_wconf 88' lang='lat' dir='ltr'><strong>decoris</strong></span> <span class='ocrx_word' id='word_1_390' title='bbox 1812 3434 1920 3525; x_wconf 86' lang='lat' dir='ltr'><strong>hujus</strong></span> <span class='ocrx_word' id='word_1_391' title='bbox 1933 3429 2084 3522; x_wconf 86' lang='lat' dir='ltr'><strong>temporis</strong></span> <span class='ocrx_word' id='word_1_392' title='bbox 2093 3437 2189 3498; x_wconf 86' lang='lat' dir='ltr'><strong>conser-</strong></span> 
     </span>
     <span class='ocr_line' id='line_1_70' title="bbox 1431 3545 2187 3640; baseline -0.025 -6"><span class='ocrx_word' id='word_1_393' title='bbox 1431 3555 1514 3634; x_wconf 90' lang='lat' dir='ltr'><strong>titur</strong></span> <span class='ocrx_word' id='word_1_394' title='bbox 1531 3562 1742 3636; x_wconf 80' lang='lat' dir='ltr'><strong>flaccescens</strong></span> <span class='ocrx_word' id='word_1_395' title='bbox 1761 3567 1796 3634; x_wconf 88' lang='lat' dir='ltr'><strong>ct</strong></span> <span class='ocrx_word' id='word_1_396' title='bbox 1813 3561 1954 3634; x_wconf 89' lang='lat' dir='ltr'><strong>odibilis</strong></span> <span class='ocrx_word' id='word_1_397' title='bbox 1980 3559 2036 3640; x_wconf 89' lang='lat' dir='ltr'><strong>ut,</strong></span> <span class='ocrx_word' id='word_1_398' title='bbox 2063 3559 2092 3627; x_wconf 91' lang='lat' dir='ltr'><strong>et</strong></span> <span class='ocrx_word' id='word_1_399' title='bbox 2112 3545 2187 3622; x_wconf 87' lang='lat' dir='ltr'><strong>eneis</strong></span> 
     </span>
     <span class='ocr_line' id='line_1_71' title="bbox 1430 3670 2188 3779; baseline -0.03 -16"><span class='ocrx_word' id='word_1_400' title='bbox 1430 3693 1546 3762; x_wconf 89' lang='lat' dir='ltr'><strong>tumor</strong></span> <span class='ocrx_word' id='word_1_401' title='bbox 1564 3689 1751 3762; x_wconf 84' lang='lat' dir='ltr'><strong>elationis·</strong></span> <span class='ocrx_word' id='word_1_402' title='bbox 1768 3688 1875 3779; x_wconf 87' lang='lat' dir='ltr'><strong>hujus</strong></span> <span class='ocrx_word' id='word_1_403' title='bbox 1895 3683 2054 3778; x_wconf 89' lang='lat' dir='ltr'><strong>temporis</strong></span> <span class='ocrx_word' id='word_1_404' title='bbox 2070 3670 2188 3754; x_wconf 84' lang='lat' dir='ltr'><strong>conserti·</strong></span> 
     </span>
    </p>
   </div>
   <div class='ocr_carea' id='block_1_10' title="bbox 1405 3783 2232 3923">
    <p class='ocr_par' dir='ltr' id='par_1_12' title="bbox 1405 3783 2232 3923">
     <span class='ocr_line' id='line_1_72' title="bbox 1405 3783 2232 3923; baseline -0.025 -34"><span class='ocrx_word' id='word_1_405' title='bbox 1405 3807 1487 3890; x_wconf 85' lang='lat' dir='ltr'><strong>¹tur</strong></span> <span class='ocrx_word' id='word_1_406' title='bbox 1504 3815 1541 3888; x_wconf 93' lang='lat' dir='ltr'><strong>in</strong></span> <span class='ocrx_word' id='word_1_407' title='bbox 1566 3814 1841 3888; x_wconf 88' lang='lat' dir='ltr'><strong>humiliationem</strong></span> <span class='ocrx_word' id='word_1_408' title='bbox 1868 3823 1905 3890; x_wconf 93' lang='lat' dir='ltr'><strong>et</strong></span> <span class='ocrx_word' id='word_1_409' title='bbox 1931 3817 1967 3886; x_wconf 93' lang='lat' dir='ltr'><strong>iu</strong></span> <span class='ocrx_word' id='word_1_410' title='bbox 1993 3783 2187 3886; x_wconf 77' lang='lat' dir='ltr'><strong>contusionem,</strong></span> <span class='ocrx_word' id='word_1_411' title='bbox 2226 3904 2232 3923; x_wconf 33' lang='grc' dir='ltr'>Ι</span> 
     </span>
    </p>
   </div>
   <div class='ocr_carea' id='block_1_11' title="bbox 1427 3939 2190 4418">
    <p class='ocr_par' dir='ltr' id='par_1_13' title="bbox 1427 3939 2190 4418">
     <span class='ocr_line' id='line_1_73' title="bbox 1431 3939 2187 4030; baseline -0.022 -13"><span class='ocrx_word' id='word_1_412' title='bbox 1431 3949 1466 4017; x_wconf 91' lang='lat' dir='ltr'><strong>et</strong></span> <span class='ocrx_word' id='word_1_413' title='bbox 1483 3945 1598 4018; x_wconf 92' lang='lat' dir='ltr'><strong>omnis</strong></span> <span class='ocrx_word' id='word_1_414' title='bbox 1625 3946 1700 4018; x_wconf 89' lang='lat' dir='ltr'><strong>laus</strong></span> <span class='ocrx_word' id='word_1_415' title='bbox 1728 3945 1954 4028; x_wconf 81' lang='lat' dir='ltr'><strong>excellentiae</strong></span> <span class='ocrx_word' id='word_1_416' title='bbox 1979 3939 2074 4030; x_wconf 75' lang='lat' dir='ltr'><strong>buius</strong></span> <span class='ocrx_word' id='word_1_417' title='bbox 2097 3939 2187 4015; x_wconf 89' lang='lat' dir='ltr'><strong>tenpo-</strong></span> 
     </span>
     <span class='ocr_line' id='line_1_74' title="bbox 1431 4053 2190 4144; baseline -0.03 0"><span class='ocrx_word' id='word_1_418' title='bbox 1431 4071 1479 4144; x_wconf 92' lang='lat' dir='ltr'><strong>ris</strong></span> <span class='ocrx_word' id='word_1_419' title='bbox 1498 4071 1763 4144; x_wconf 76' lang='lat' dir='ltr'><strong>convertiturin</strong></span> <span class='ocrx_word' id='word_1_420' title='bbox 1782 4071 2022 4144; x_wconf 83' lang='lat' dir='ltr'><strong>contusionem</strong></span> <span class='ocrx_word' id='word_1_421' title='bbox 2045 4056 2155 4137; x_wconf 87' lang='lat' dir='ltr'><strong>silentii,</strong></span> <span class='ocrx_word' id='word_1_422' title='bbox 2170 4053 2190 4120; x_wconf 88' lang='lat' dir='ltr'><strong>et</strong></span> 
     </span>
     <span class='ocr_line' id='line_1_75' title="bbox 1429 4175 2189 4289; baseline -0.003 -18"><span class='ocrx_word' id='word_1_423' title='bbox 1429 4199 1544 4272; x_wconf 91' lang='lat' dir='ltr'><strong>omnis</strong></span> <span class='ocrx_word' id='word_1_424' title='bbox 1570 4197 1824 4289; x_wconf 79' lang='lat' dir='ltr'><strong>magnificentia</strong></span> <span class='ocrx_word' id='word_1_425' title='bbox 1851 4175 1887 4271; x_wconf 83' lang='lat' dir='ltr'><strong>et</strong></span> <span class='ocrx_word' id='word_1_426' title='bbox 1909 4191 2092 4274; x_wconf 85' lang='lat' dir='ltr'><strong>insolentia</strong></span> <span class='ocrx_word' id='word_1_427' title='bbox 2119 4179 2189 4268; x_wconf 78' lang='lat' dir='ltr'><strong>bul&#39;us</strong></span> 
     </span>
     <span class='ocr_line' id='line_1_76' title="bbox 1427 4305 2189 4418; baseline -0.024 -18"><span class='ocrx_word' id='word_1_428' title='bbox 1427 4325 1595 4418; x_wconf 88' lang='lat' dir='ltr'><strong>temporis</strong></span> <span class='ocrx_word' id='word_1_429' title='bbox 1621 4327 1831 4399; x_wconf 81' lang='lat' dir='ltr'><strong>conuertitur</strong></span> <span class='ocrx_word' id='word_1_430' title='bbox 1859 4327 1896 4398; x_wconf 95' lang='lat' dir='ltr'><strong>in</strong></span> <span class='ocrx_word' id='word_1_431' title='bbox 1924 4326 2051 4398; x_wconf 87' lang='lat' dir='ltr'><strong>ruinam</strong></span> <span class='ocrx_word' id='word_1_432' title='bbox 2074 4305 2189 4389; x_wconf 71' lang='lat' dir='ltr'><strong>cessatio</strong></span> 
     </span>
    </p>
   </div>
   <div class='ocr_carea' id='block_1_12' title="bbox 1396 4433 2190 4542">
    <p class='ocr_par' dir='ltr' id='par_1_14' title="bbox 1396 4433 2190 4542">
     <span class='ocr_line' id='line_1_77' title="bbox 1396 4433 2190 4542; baseline -0.05 0"><span class='ocrx_word' id='word_1_433' title='bbox 1396 4523 1405 4542; x_wconf 91' lang='lat'><strong>.</strong></span> <span class='ocrx_word' id='word_1_434' title='bbox 1427 4454 1496 4536; x_wconf 93' lang='lat' dir='ltr'><strong>nis,</strong></span> <span class='ocrx_word' id='word_1_435' title='bbox 1515 4459 1551 4526; x_wconf 88' lang='lat' dir='ltr'><strong>et</strong></span> <span class='ocrx_word' id='word_1_436' title='bbox 1568 4453 1683 4526; x_wconf 92' lang='lat' dir='ltr'><strong>omnis</strong></span> <span class='ocrx_word' id='word_1_437' title='bbox 1701 4445 1882 4526; x_wconf 85' lang='lat' dir='ltr'><strong>delectatio</strong></span> <span class='ocrx_word' id='word_1_438' title='bbox 1901 4461 1936 4526; x_wconf 91' lang='lat' dir='ltr'><strong>et</strong></span> <span class='ocrx_word' id='word_1_439' title='bbox 1957 4445 2131 4542; x_wconf 84' lang='lat' dir='ltr'><strong>jncunditas</strong></span> <span class='ocrx_word' id='word_1_440' title='bbox 2151 4433 2190 4502; x_wconf 92' lang='lat' dir='ltr'><strong>bu·</strong></span> 
     </span>
    </p>
   </div>
   <div class='ocr_carea' id='block_1_13' title="bbox 1422 4569 2190 5806">
    <p class='ocr_par' dir='ltr' id='par_1_15' title="bbox 1422 4569 2190 5806">
     <span class='ocr_line' id='line_1_78' title="bbox 1422 4569 2189 4673; baseline -0.059 -1"><span class='ocrx_word' id='word_1_441' title='bbox 1422 4581 1482 4672; x_wconf 85' lang='lat' dir='ltr'><strong>jus</strong></span> <span class='ocrx_word' id='word_1_442' title='bbox 1511 4582 1676 4673; x_wconf 88' lang='lat' dir='ltr'><strong>temporis</strong></span> <span class='ocrx_word' id='word_1_443' title='bbox 1704 4583 1917 4654; x_wconf 87' lang='lat' dir='ltr'><strong>convertitur</strong></span> <span class='ocrx_word' id='word_1_444' title='bbox 1943 4583 1979 4653; x_wconf 92' lang='lat' dir='ltr'><strong>in</strong></span> <span class='ocrx_word' id='word_1_445' title='bbox 2013 4569 2189 4664; x_wconf 81' lang='lat' dir='ltr'><strong>abjectionem</strong></span> 
     </span>
     <span class='ocr_line' id='line_1_79' title="bbox 1427 4701 2190 4800; baseline -0.039 -17"><span class='ocrx_word' id='word_1_446' title='bbox 1427 4715 1462 4782; x_wconf 90' lang='lat' dir='ltr'><strong>et</strong></span> <span class='ocrx_word' id='word_1_447' title='bbox 1478 4708 1516 4780; x_wconf 91' lang='lat' dir='ltr'><strong>ln</strong></span> <span class='ocrx_word' id='word_1_448' title='bbox 1543 4710 1811 4800; x_wconf 86' lang='lat' dir='ltr'><strong>corruptionem,</strong></span> <span class='ocrx_word' id='word_1_449' title='bbox 1841 4715 1876 4781; x_wconf 92' lang='lat' dir='ltr'><strong>et</strong></span> <span class='ocrx_word' id='word_1_450' title='bbox 1902 4707 2012 4780; x_wconf 90' lang='lat' dir='ltr'><strong>omnis</strong></span> <span class='ocrx_word' id='word_1_451' title='bbox 2037 4701 2190 4774; x_wconf 83' lang='lat' dir='ltr'><strong>clauoru-</strong></span> 
     </span>
     <span class='ocr_line' id='line_1_80' title="bbox 1425 4813 2189 4927; baseline -0.058 2"><span class='ocrx_word' id='word_1_452' title='bbox 1425 4833 1613 4927; x_wconf 69' lang='lat' dir='ltr'><strong>cerberum</strong></span> <span class='ocrx_word' id='word_1_453' title='bbox 1640 4835 1851 4908; x_wconf 81' lang='lat' dir='ltr'><strong>conuertitur</strong></span> <span class='ocrx_word' id='word_1_454' title='bbox 1877 4836 1915 4908; x_wconf 94' lang='lat' dir='ltr'><strong>in</strong></span> <span class='ocrx_word' id='word_1_455' title='bbox 1940 4833 2101 4926; x_wconf 77' lang='lat' dir='ltr'><strong>pulverem</strong></span> <span class='ocrx_word' id='word_1_456' title='bbox 2124 4813 2189 4907; x_wconf 82' lang='lat' dir='ltr'><strong>ouie-</strong></span> 
     </span>
     <span class='ocr_line' id='line_1_81' title="bbox 1426 4939 2189 5052; baseline -0.033 -16"><span class='ocrx_word' id='word_1_457' title='bbox 1426 4969 1512 5044; x_wconf 89' lang='lat' dir='ltr'><strong>tum,</strong></span> <span class='ocrx_word' id='word_1_458' title='bbox 1533 4966 1568 5034; x_wconf 91' lang='lat' dir='ltr'><strong>et</strong></span> <span class='ocrx_word' id='word_1_459' title='bbox 1585 4961 1701 5042; x_wconf 88' lang='lat' dir='ltr'><strong>omnis</strong></span> <span class='ocrx_word' id='word_1_460' title='bbox 1718 4961 1898 5052; x_wconf 88' lang='lat' dir='ltr'><strong>possessio</strong></span> <span class='ocrx_word' id='word_1_461' title='bbox 1917 4960 2097 5034; x_wconf 82' lang='lat' dir='ltr'><strong>divitiarum</strong></span> <span class='ocrx_word' id='word_1_462' title='bbox 2118 4939 2189 5027; x_wconf 83' lang='lat' dir='ltr'><strong>bujo</strong></span> 
     </span>
     <span class='ocr_line' id='line_1_82' title="bbox 1425 5067 2186 5178; baseline -0.058 6"><span class='ocrx_word' id='word_1_463' title='bbox 1425 5088 1594 5178; x_wconf 66' lang='lat' dir='ltr'><strong>tempops</strong></span> <span class='ocrx_word' id='word_1_464' title='bbox 1621 5089 1833 5162; x_wconf 82' lang='lat' dir='ltr'><strong>convertitur</strong></span> <span class='ocrx_word' id='word_1_465' title='bbox 1859 5088 1904 5163; x_wconf 91' lang='lat' dir='ltr'><strong>ad</strong></span> <span class='ocrx_word' id='word_1_466' title='bbox 1929 5087 2089 5162; x_wconf 82' lang='lat' dir='ltr'><strong>internum</strong></span> <span class='ocrx_word' id='word_1_467' title='bbox 2119 5067 2186 5143; x_wconf 72' lang='lat' dir='ltr'><strong>solt,</strong></span> 
     </span>
     <span class='ocr_line' id='line_1_83' title="bbox 1427 5190 2188 5307; baseline -0.009 -21"><span class='ocrx_word' id='word_1_468' title='bbox 1427 5219 1461 5286; x_wconf 95' lang='lat' dir='ltr'><strong>et</strong></span> <span class='ocrx_word' id='word_1_469' title='bbox 1495 5231 1618 5288; x_wconf 87' lang='lat' dir='ltr'><strong>omnes</strong></span> <span class='ocrx_word' id='word_1_470' title='bbox 1654 5214 1869 5306; x_wconf 88' lang='lat' dir='ltr'><strong>direptiones</strong></span> <span class='ocrx_word' id='word_1_471' title='bbox 1906 5207 2087 5307; x_wconf 87' lang='lat' dir='ltr'><strong>cupiditatis</strong></span> <span class='ocrx_word' id='word_1_472' title='bbox 2117 5190 2188 5280; x_wconf 69' lang='lat' dir='ltr'><strong>btl&#39;ll</strong></span> 
     </span>
     <span class='ocr_line' id='line_1_84' title="bbox 1426 5329 2187 5433; baseline -0.055 6"><span class='ocrx_word' id='word_1_473' title='bbox 1426 5342 1593 5433; x_wconf 72' lang='lat' dir='ltr'><strong>²⁰¹⁰st</strong></span> <span class='ocrx_word' id='word_1_474' title='bbox 1628 5349 1880 5417; x_wconf 79' lang='lat' dir='ltr'><strong>convertuntur</strong></span> <span class='ocrx_word' id='word_1_475' title='bbox 1913 5343 1958 5418; x_wconf 87' lang='lat' dir='ltr'><strong>ad</strong></span> <span class='ocrx_word' id='word_1_476' title='bbox 1991 5339 2118 5412; x_wconf 90' lang='lat' dir='ltr'><strong>morton</strong></span> <span class='ocrx_word' id='word_1_477' title='bbox 2141 5329 2187 5390; x_wconf 80' lang='lat' dir='ltr'><strong>ott</strong></span> 
     </span>
     <span class='ocr_line' id='line_1_85' title="bbox 1426 5443 2185 5561; baseline -0.021 -22"><span class='ocrx_word' id='word_1_478' title='bbox 1426 5467 1677 5552; x_wconf 81' lang='lat' dir='ltr'><strong>rotuuurtau,</strong></span> <span class='ocrx_word' id='word_1_479' title='bbox 1706 5476 1742 5542; x_wconf 89' lang='lat' dir='ltr'><strong>et</strong></span> <span class='ocrx_word' id='word_1_480' title='bbox 1768 5471 1885 5544; x_wconf 88' lang='lat' dir='ltr'><strong>omnis</strong></span> <span class='ocrx_word' id='word_1_481' title='bbox 1911 5467 2069 5561; x_wconf 86' lang='lat' dir='ltr'><strong>cupiditas</strong></span> <span class='ocrx_word' id='word_1_482' title='bbox 2091 5443 2185 5546; x_wconf 81' lang='lat' dir='ltr'><strong>pessit·</strong></span> 
     </span>
     <span class='ocr_line' id='line_1_86' title="bbox 1427 5567 2184 5688; baseline -0.032 -21"><span class='ocrx_word' id='word_1_483' title='bbox 1427 5611 1512 5668; x_wconf 91' lang='lat' dir='ltr'><strong>num</strong></span> <span class='ocrx_word' id='word_1_484' title='bbox 1539 5596 1751 5670; x_wconf 82' lang='lat' dir='ltr'><strong>eonverb&#39;tur</strong></span> <span class='ocrx_word' id='word_1_485' title='bbox 1784 5597 1822 5670; x_wconf 90' lang='lat' dir='ltr'><strong>in</strong></span> <span class='ocrx_word' id='word_1_486' title='bbox 1854 5596 2020 5688; x_wconf 66' lang='lat' dir='ltr'><strong>iudicium</strong></span> <span class='ocrx_word' id='word_1_487' title='bbox 2045 5567 2184 5672; x_wconf 77' lang='lat' dir='ltr'><strong>suppleti.</strong></span> 
     </span>
     <span class='ocr_line' id='line_1_87' title="bbox 1427 5707 2184 5806; baseline -0.028 -7"><span class='ocrx_word' id='word_1_488' title='bbox 1427 5727 1462 5798; x_wconf 92' lang='lat' dir='ltr'><strong>et</strong></span> <span class='ocrx_word' id='word_1_489' title='bbox 1479 5739 1584 5798; x_wconf 91' lang='lat' dir='ltr'><strong>omne</strong></span> <span class='ocrx_word' id='word_1_490' title='bbox 1601 5723 1784 5798; x_wconf 78' lang='lat' dir='ltr'><strong>arducium</strong></span> <span class='ocrx_word' id='word_1_491' title='bbox 1801 5723 1994 5798; x_wconf 85' lang='lat' dir='ltr'><strong>calliditatis</strong></span> <span class='ocrx_word' id='word_1_492' title='bbox 2017 5713 2106 5806; x_wconf 80' lang='lat' dir='ltr'><strong>iujos</strong></span> <span class='ocrx_word' id='word_1_493' title='bbox 2127 5707 2184 5774; x_wconf 77' lang='lat' dir='ltr'><strong>tttt·</strong></span> 
     </span>
    </p>
   </div>
   <div class='ocr_carea' id='block_1_14' title="bbox 0 0 2308 6452">
    <p class='ocr_par' dir='ltr' id='par_1_16' title="bbox 0 0 2308 6452">
     <span class='ocr_line' id='line_1_88' title="bbox 0 0 2308 6452; baseline 0 0"><span class='ocrx_word' id='word_1_494' title='bbox 0 0 2308 6452; x_wconf 95' lang='lat' dir='ltr'><strong> </strong></span> 
     </span>
    </p>
   </div>
  </div>
 </body>
</html>
