4706 6420
212 437 268 506 37.
292 441 322 500 ct
336 448 424 500 4444
443 435 506 498 444.
523 429 627 514 syrus
645 409 732 506 door
749 406 988 504 4444444444

167 533 304 626 mi
328 528 484 625 iduum,
507 559 591 628 quae
615 523 772 630 corrupta
793 542 958 612 ridentur.

212 637 269 732 444.
290 657 394 744 acopis
416 673 510 742 44444
531 655 606 734 iiio,·
631 657 734 741 Syrus
756 663 844 744 ρο
861 647 988 748 444.-4

165 756 311 861 τΔοι,
337 769 484 854 legerem
510 751 647 857 <30¹2
674 775 741 856 ς»
773 760 854 842 tado
887 766 991 852 asopo

165 901 261 970 44444
283 881 422 954 iderunt.

211 995 294 1066 lbid.
306 993 505 1082 principatus
510 1016 523 1073 ,·
541 989 644 1078 Syrus
660 977 820 1072 mmai,
837 993 874 1058 ut
890 985 990 1058 etidm

164 1107 252 1178 inira
275 1127 308 1176 n.
333 1110 389 1191 40,
413 1094 550 1189 ortui,
573 1105 630 1174 ubi
653 1105 733 1174 item
756 1102 895 1185 reddidi,
912 1119 990 1172 con-

165 1225 261 1288 textu
285 1219 421 1288 omnino
446 1219 626 1304 flagitante.
710 1213 713 1220 “
794 1306 816 1322 ..

214 1335 268 1400 to.
299 1331 577 1418 approperantes
610 1332 698 1417 44,
713 1307 902 1412 air-me,
932 1325 990 1396 uni

164 1445 324 1515 suffixum
358 1455 545 1530 pronomen
580 1461 621 1512 ex
656 1461 722 1512 usu
752 1440 876 1512 codicis
901 1445 990 1510 44444

163 1556 315 1628 feminini
339 1556 470 1642 generis
495 1561 611 1624 contra
634 1555 837 1624 contextum.

213 1673 268 1740 tu.
291 1671 358 1738 4444
380 1668 491 1754 cupito,
515 1667 573 1742 sic.
587 1665 693 1736 codex
717 1683 785 1736 non
809 1661 990 1752 praemissa

126 1801 130 1808 ·
164 1782 298 1870 copula.

214 1931 296 2008 ibid.¹
320 1939 414 2007 444444
444 1945 505 2001 τῶν
532 1943 661 2028 καιρῶν,
686 1909 784 2032 lig-⁶8⁰2
808 1909 882 2012 ffi
895 1901 912 2014 ,ι
930 1929 991 2036 sed

165 2093 268 2181 panio
299 2100 375 2164 ante
402 2105 431 2162 et
460 2093 556 2164 ioroe
587 2093 681 2160 444444
710 2064 836 2187 δι’-ὓ
860 2063 990 2186 43430,

166 2231 210 2299 44.
235 2203 348 2299 notam
374 2230 415 2298 ad
438 2247 471 2298 n.
496 2231 552 2298 20.

215 2345 269 2412 44.
294 2355 323 2410 et
347 2341 501 2424 dedalios,
526 2341 630 2426 Syrus
653 2315 865 2446 RSQM.

215 2455 269 2521 te.
292 2453 509 2538 imiprdtctem
535 2463 631 2520 tuom.
646 2503 654 2520 .
670 2501 699 2518 ..
725 2448 992 2536 iuapouimitctem

165 2577 280 2645 suarm·
300 2563 534 2649 corrigendum
562 2581 604 2632 ex
633 2561 747 2632 codice
770 2563 798 2631 i.
820 2577 924 2630 meum
937 2614 945 2632 .
959 2613 991 2630 ..

167 2677 190 2744 4.
216 2695 329 2746 mecm

213 2789 295 2860 4444·
321 2790 377 2860 Sic
400 2789 434 2858 in
458 2787 579 2875 plurali
602 2788 815 2856 dimittamus.
830 2837 860 2854 ..
884 2784 992 2874 inpui-

165 2921 288 2988 rouuu,
313 2903 391 2972 iicet
414 2908 573 2989 sequatur
596 2900 734 2970 narrabo
758 2906 821 2970 etc.

215 3019 270 3084 et.
302 3026 443 3102 aspectus
477 3031 606 3097 comm,
635 3012 741 3083 codex
769 2999 992 3102 χοῆί-ωοῖ,

165 3129 414 3211 dedecorum,
437 3127 498 3196 444
521 3125 755 3211 corripendum
778 3123 993 3216 4007ὶαῦ4,

165 3249 206 3312 nt
230 3248 321 3330 pater
344 3259 386 3312 ex
409 3241 450 3310 iis
474 3255 558 3328 quae
582 3239 695 3308 statim
718 3243 915 3326 sequnntur.

215 3359 270 3428 64.
288 3357 432 3424 starum
446 3354 530 3422 euim
545 3353 684 3436 4444444,
700 3359 776 3436 444.,
792 3369 897 3439 aeque
909 3350 992 3421 rerti

166 3477 285 3558 posset
308 3469 348 3536 4
367 3462 472 3556 prame
488 3467 572 3535 444
594 3467 697 3551 tutto,
713 3469 784 3552 sp.
801 3477 875 3578 μ,
891 3449 993 3542 iio»

166 3569 307 3662 ose.

223 3699 279 3766 444.
310 3695 526 3783 eneconem
556 3699 619 3766 etc.
656 3695 759 3780 surm
793 3687 994 3775 ,msa

104 3809 110 3820 ·
167 3788 252 3887 iu'i
277 3792 457 3886 iom-

214 3919 295 3990 ibid.
316 3920 423 4008 prior,
446 3927 586 4016 ωορ,
610 3918 700 4006 quod
724 3935 829 4006 aeque
852 3919 994 3990 vertitur

163 4032 279 4120 44444,
304 4039 343 4101 44
365 4031 443 4102 aiibi
467 4032 602 4102 omnino
634 4031 831 4102 vertendum
862 4031 896 4100 iu
928 4031 992 4102 hoc

158 4133 255 4214 'libro
272 4143 355 4212 inira
376 4161 409 4211 n.·
426 4145 471 4212 56
487 4141 589 4213 biset
612 4141 704 4224 aiibi;
729 4143 770 4212 44.
788 4149 822 4212 44
844 4143 991 4229 4444444

167 4255 308 4324 duodeci.
325 4273 398 4342 pag.
416 4257 470 4340 474,
491 4261 552 4339 444,
567 4255 666 4326 dccii.
686 4255 738 4326 ed.
763 4257 920 4342 4444444,
938 4253 991 4342 rt,

171 4369 224 4435 49.
241 4369 283 4436 Et
298 4382 375 4436 mox
392 4385 486 4454 cuper
508 4385 613 4434 moues
627 4367 682 4454 qui
697 4377 832 4456 tempore
846 4369 913 4457 4444
926 4388 992 4437 acu

168 4488 276 4562 44444,
299 4477 441 4564 insyru
466 4487 616 4554 ami-'²
638 4461 678 4554 447
697 4461 769 4540 4)-’4
793 4471 851 4562 W,
871 4479 990 4552 melius

168 4589 349 4674 reddenda,
373 4597 467 4678 puto,
490 4608 584 4678 cuper
605 4605 710 4658 444444
732 4590 944 4674 4444444444.

215 4703 270 4770 44.
290 4701 323 4770 4·
337 4702 420 4770 eam
436 4709 498 4772 44.
512 4699 712 4808 mamona
728 4687 991 4815 44444444,

168 4797 238 4920 4444
260 4800 303 4871 444
327 4799 491 4898 ὶώῦ,
507 4812 540 4882 44
564 4813 685 4901 quibus
710 4829 753 4911 ,Δ
775 4815 897 4886 excidit
913 4821 991 4904 post

167 4937 257 5036 Q,
280 4933 319 4994 nt
342 4933 435 5012 puto.
678 4982 682 4992 .
810 4937 817 4950 ·

215 5041 274 5110 tid.
295 5050 324 5108 4
345 5041 511 5110 cocordiae
533 5051 595 5126 eet,
619 5041 723 5127 Syrus
745 5027 869 5132 <otio
899 5049 991 5114 arcte

170 5152 351 5240 seriptum,
374 5155 465 5244 quod
488 5153 556 5223 sire
580 5171 706 5239 errore,
729 5155 798 5224 sire
820 5155 910 5226 raria
933 5173 990 5226 or·

170 5263 387 5350 thugraphia,
413 5267 440 5335 si
464 5275 576 5354 44444,
601 5275 653 5338 444
675 5285 737 5355 pro
760 5257 930 5358 pothio,
953 5277 991 5340 ut

160 5367 314 5444 'arbitror
337 5395 379 5446 ex
403 5385 572 5466 contextu,
597 5385 631 5450 et
654 5380 703 5450 sic
725 5381 819 5452 verti.

214 5489 296 5560 ibid.
321 5511 400 5578 quoe
429 5511 494 5560 444
522 5503 592 5562 erat
624 5494 659 5562 iu
688 5504 824 5584 tempore
852 5495 921 5583 ciue
949 5475 990 5570 444

170 5611 321 5688 MD,
337 5612 376 5676 ot
400 5612 469 5674 out.
492 5607 522 5676 11
546 5605 588 5676 44
611 5625 642 5676 4.
659 5609 715 5692 ct,
739 5621 839 5694 quam
862 5605 988 5680 444444.

214 5715 296 5786 ibid
320 5717 429 5804 quidue
451 5727 522 5788 erct
542 5733 703 5806 44444444,
718 5705 839 5812 xum&
855 5729 991 5810 μοι,

171 5843 255 5900 anne
277 5831 390 5917 potius
406 5817 528 5924 χοσΔ
544 5819 632 5896 ΛΔ
646 5843 781 5924 με,
795 5833 905 5922 putes
925 5851 991 5904 444

171 5949 238 6010 erni
258 5949 435 6014 4144444447

1125 429 1179 498 62.
1196 427 1398 512 catomum,
1412 411 1600 502 tm&
1617 446 1679 516 pro
1694 429 1904 501 8444444444

1079 545 1118 608 ut
1141 539 1240 610 etium
1264 543 1284 608 4
1308 539 1444 624 Esdrue,
1468 543 1553 623 74444,
1577 545 1631 612 40.

1126 653 1181 720 63.
1197 661 1226 718 ct
1237 649 1357 718 inuitos
1367 653 1443 737 4444,
1452 651 1558 720 codex
1570 639 1678 738 primu
1688 652 1904 738 volusio,

1080 773 1110 830 et
1122 763 1229 848 pratia
1243 765 1320 849 ejus,
1337 781 1426 831 nunc
1443 781 1484 832 ex
1500 781 1615 832 444444
1632 765 1827 850 mlum-go.
1989 831 1990 838 ,

1124 872 1205 944 lhid.
1229 877 1379 962 quomodo
1412 876 1555 964 perirem
1582 879 1677 946 444444
1701 887 1763 948 etc.
1788 858 1903 958 444347

1081 963 1227 1062 edium
1251 999 1325 1101 sap
1348 974 1473 1101 dipem
1497 973 1563 1068 eei
1586 1013 1735 1076 mens*
1754 979 1904 1090 ,μῦ-44

1082 1107 1191 1163 0²³0&
1217 1085 1290 1178 4001
1315 1089 1400 1189 doit,
1425 1125 1509 1194 quae
1533 1113 1688 1194 corrupta
1712 1115 1800 1177 sunt.

1126 1217 1206 1286 lhid.
1219 1219 1457 1307 8444444444,
1471 1221 1518 1288 444
1530 1220 1584 1288 hic
1596 1223 1699 1290 codex
1713 1231 1902 1298 4444444447.

1126 1329 1180 1398 64.
1204 1349 1301 1416 aeque
1323 1331 1406 1398 euim
1429 1332 1543 1418 cipum
1566 1338 1649 1416 444.,
1671 1333 1779 1422 aliqua
1804 1333 1906 1404 omis·

1082 1443 1133 1510 sio
1156 1441 1333 1514 intercedit
1355 1443 1390 1512 iu
1414 1445 1538 1514 codice.

1126 1557 1181 1624 66.
1205 1567 1233 1624 44
1253 1557 1413 1644 popuiuru,
1430 1541 1604 1638 ἰὲῡὰδος
1626 1557 1691 1628 nisi
1708 1557 1788 1644 qnid
1805 1558 1903 1630 omis

1080 1687 1166 1753 sum,
1190 1665 1424 1756 corrigendum
1449 1656 1561 1748 imo
1584 1681 1614 1739 et
1633 1673 1778 1759 populus.

1126 1783 1181 1850 67.
1205 1781 1242 1849 iu
1262 1800 1307 1876 eo,
1332 1781 1380 1851 444
1404 1783 1510 1854 codex
1533 1763 1603 1845 445
1626 1784 1660 1850 44
1684 1784 1846 1854 relatione
1861 1785 1903 1854 ud

1081 1905 1148 1978 ,02
1169 1876 1275 1956 Nina
1298 1895 1334 1960 iu
1356 1895 1442 1962 omui
1466 1894 1541 1964 4444.

1126 2007 1181 2074 69.
1205 2006 1289 2074 utico
1320 1989 1441 2090 isaaci,
1473 2007 1534 2076 sed
1565 2007 1593 2075 si
1624 2007 1753 2094 legetur
1781 1995 1905 2095 isaei,

1081 2117 1172 2206 quod
1194 2119 1248 2186 rix
1271 2117 1382 2187 didert
1405 2115 1438 2186 in
1463 2119 1569 2188 torma
1602 2120 1814 2208 duracium,
1841 2123 1904 2192 orit

1079 2242 1262 2320 postremae,
1287 2229 1377 2317 qood
1400 2229 1572 2316 probabile
1596 2247 1637 2300 ex
1662 2239 1830 2302 contextu.

1127 2343 1209 2412 ibid.
1230 2335 1413 2430 praecidet,
1438 2341 1498 2412 sed
1527 2359 1602 2411 cum
1625 2351 1695 2414 4444
1719 2346 1903 2416 differentia

1083 2457 1126 2526 sit
1154 2473 1195 2524 ex
1226 2455 1301 2525 loco
1323 2455 1440 2540 puncti
1464 2447 1645 2540 diacritici',
1670 2459 1903 2545 corrigendum

1083 2587 1124 2638 ex
1147 2575 1305 2638 contextu
1327 2567 1428 2652 istud,
1452 2575 1490 2636 nt
1514 2585 1576 2654 pru
1601 2549 1660 2644 it's·
1684 2571 1814 2658 legetur
1832 2557 1904 2656 it»,

986 2691 990 2700 ·
1083 2687 1246 2766 utsupra,
1262 2686 1296 2748 44
1312 2685 1391 2748 4444
1407 2686 1444 2748 44
1460 2679 1504 2748 ibi
1521 2683 1716 2752 vertendum
1735 2665 1902 2770 praeridit.

1128 2793 1210 2862 4444.
1233 2803 1269 2860 ut
1289 2794 1398 2880 444444,
1421 2791 1470 2862 444
1494 2796 1597 2880 Syrus
1622 2801 1755 2891 ‚en-tat.

1130 2910 1184 2978 70.
1208 2905 1346 2994 deficiet,
1370 2905 1475 2974 codex
1498 2915 1654 2992 Qua,
1678 2909 1786 2994 addet,
1817 2913 1903 2980 maie

1083 3025 1121 3087 44
1144 3025 1235 3104 patet
1258 3035 1320 3104 pru
1343 3021 1488 3086 490444.
1819 3089 1823 3098 ,

1129 3135 1182 3202 73.
1205 3131 1242 3198 44
1258 3131 1463 3218 iucunditate,
1488 3132 1537 3200 sic
1560 3133 1676 3203 codex.

1128 3245 1210 3316 inid.
1234 3244 1373 3328 iurare,
1398 3243 1503 3314 codex
1525 3223 1675 3332 ΝΩ,
1697 3225 1801 3332 Ν
1825 3267 1905 3319 4444

1082 3377 1151 3428 non
1184 3358 1296 3426 444444
1330 3355 1384 3426 hic
1418 3357 1649 3443 reddendum,
1684 3377 1746 3428 nec
1782 3362 1905 3432 erroris

1081 3469 1324 3540 insimulandus
1357 3471 1485 3552 codex,
1509 3471 1570 3540 sed
1604 3489 1679 3540 4444
1715 3479 1766 3542 est
1800 3473 1906 3544 torma

1082 3585 1273 3672 scriptionis
1297 3589 1349 3654 est
1372 3601 1435 3670 pro
1455 3561 1527 3666 41-4,
1551 3566 1618 3666 idid
1643 3601 1714 3670 ros,
1738 3595 1823 3673 quae
1847 3603 1906 3658 oc·

1083 3696 1185 3767 currit
1209 3695 1308 3765 etiam
1339 3696 1423 3780 iob,
1447 3697 1572 3781 xxix,
1600 3700 1664 3783 444,
1688 3699 1746 3770 obi
1781 3699 1905 3771 4444444-

1081 3809 1202 3880 brucus
1226 3808 1360 3896 quidem
1384 3809 1485 3895 (Sch.
1511 3809 1544 3878 in
1572 3810 1605 3880 h.
1629 3810 1678 3898 4.)
1695 3815 1906 3882 amanuensis

1082 3939 1230 3992 errorem
1253 3921 1451 4007 suspicatur,
1469 3920 1530 3990 sed
1545 3921 1640 3990 ilium
1655 3921 1776 3992 veteris
1793 3923 1905 3994 ortho

1082 4030 1238 4118 propriae
1260 4029 1326 4098 ridi
1351 4019 1485 4100 et'atiui
1509 4029 1673 4100 rationem
1696 4033 1820 4102 noiiam
1851 4033 1908 4104 in-

1081 4147 1172 4216 bere.
1190 4143 1314 4212 Eadem
1329 4142 1458 4212 ratione
1472 4119 1544 4254 Κ
1558 4145 1671 4232 fluctuo
1686 4145 1719 4214 in
1736 4147 1906 4234 singulari,

1082 4259 1115 4326 iu
1127 4255 1232 4342 Epist.
1241 4254 1369 4324 Barucit
1382 4257 1569 4344 apocrypha
1582 4257 1636 4326 ed.
1646 4259 1794 4346 4444444
1806 4278 1838 4346 p.
1849 4263 1906 4344 uo,

1081 4371 1104 4440 l.
1123 4371 1175 4452 ii,
1193 4367 1340 4456 itemque
1355 4369 1389 4437 in
1405 4369 1585 4456 exemplari
1604 4370 1710 4440 444444
1727 4375 1834 4442 nostri
1851 4391 1905 4442 co·

1082 4481 1184 4563 dicis,
1208 4481 1268 4550 444
1288 4458 1404 4591 Η
1419 4489 1536 4551 444444
1559 4483 1664 4552 44444
1690 4483 1774 4554 inira
1798 4503 1831 4554 n.
1848 4487 1905 4570 68,

1082 4601 1117 4666 44
1139 4595 1245 4664 codex
1268 4595 1506 4670 Ambrosianus
1528 4595 1567 4664 d.
1595 4597 1670 4664 444.
1695 4597 1754 4666 444.
1779 4576 1904 4710 luo·

1081 4713 1165 4781 item
1176 4691 1354 4816 ΝΜ]
1371 4707 1509 4794 4444444.
1526 4709 1581 4792 xi,
1600 4709 1642 4776 46
1660 4715 1739 4778 text.
1753 4717 1787 4778 et
1802 4727 1905 4796 marg.

1127 4823 1181 4892 77.
1205 4832 1233 4889 et
1252 4821 1287 4888 44
1308 4819 1475 4906 eternitate,
1496 4797 1657 4904 numm
1679 4799 1768 4900 ilum
1792 4823 1826 4892 in
1851 4840 1907 4892 eo·

1080 4935 1157 5006 dem
1192 4951 1294 5004 senso
1330 4951 1368 5002 ac
1396 4916 1503 5019 iton,
1527 4933 1617 5022 quod
1651 4941 1830 5022 utrumque
1854 4945 1907 5006 est

1081 5049 1243 5118 Graecum
1265 5045 1335 5128 itu,
1353 5045 1499 5114 occurrit
1523 5045 1643 5116 4744444.
1661 5047 1809 5135 74444444.
1826 5051 1851 5136 4,
1869 5053 1906 5134 4,

1079 5149 1301 5249 apavortene
1324 5173 1425 5232 seusu
1451 5157 1610 5226 translato
1627 5157 1726 5228 vertit
1750 5143 1823 5236 icor
1844 5145 1905 5238 Asi

1079 5253 1165 5346 44444
1177 5256 1254 5332 ..ὦ
1267 5269 1329 5339 Job
1346 5271 1483 5356 iiexapi.
1500 5269 1616 5360 7474474,
1633 5273 1665 5340 d.
1683 5273 1732 5340 iix
1755 5273 1807 5344 his
1823 5283 1906 5362 puto

1079 5383 1252 5454 definitum
1276 5387 1413 5452 nostrae
1435 5383 1526 5453 rucis
1549 5401 1687 5454 sensum
1710 5385 1780 5468 4444,
1807 5405 1906 5476 qoam

1080 5497 1193 5566 minos
1227 5495 1401 5566 literaliter
1438 5495 1538 5582 dedi,
1570 5497 1704 5568 nescius
1735 5501 1906 5588 quomodo

1080 5609 1228 5680 strictius
1251 5609 1438 5678 redderem.

1125 5723 1206 5794 ibid
1236 5733 1265 5792 et
1293 5733 1423 5814 pacton
1449 5723 1553 5810 Syros
1577 5709 1708 5804 iasio
1739 5735 1769 5794 et
1797 5745 1905 5810 44444,

1081 5835 1171 5924 qnod
1199 5853 1241 5906 ex
1271 5837 1313 5907 iis
1335 5853 1420 5944 qaue
1450 5839 1655 5924 praecedunt
1678 5845 1712 5910 et
1745 5845 1905 5910 contexto

1079 5947 1277 6021 muundum
1300 5947 1333 6019 in
1357 5933 1441 6030 4Α4
1462 5961 1584 6040 mor.
