4690 6406
177 467 231 528 sti.
276 480 306 526 c.
333 467 365 526 et
389 458 422 525 in
446 467 528 525 mari
552 465 665 528 runco·
690 468 723 528 et

341 573 372 638 in
397 573 533 638 heremo
558 572 653 638 annis
679 570 732 638 nl·

344 690 482 752 testatus
507 691 540 750 et
563 683 700 752 inuoca-

341 799 396 864 bat
420 796 517 863 nobis
544 803 645 864 testes
670 813 744 864 cae-

279 933 282 939 *
343 913 410 976 ium
435 918 469 976 et
495 917 615 976 terram
639 927 681 977 ne
705 927 801 995 prae·

344 1023 518 1090 teriremus
542 1022 678 1088 mancia-

344 1145 373 1202 ta
398 1134 486 1202 iilius
511 1134 544 1200 in
570 1134 691 1219 quibus
714 1133 802 1202 erbi-

341 1255 390 1315 ter
413 1247 475 1314 iuit
499 1245 595 1314 nubis
620 1263 704 1330 quae

342 1360 557 1428 aduenerunt·
573 1359 669 1425 nonis

342 1472 381 1540 cie
406 1471 471 1537 istu
496 1487 592 1537 secus
617 1469 719 1538 uerba

342 1585 457 1671 ipsius·¹
480 1593 513 1651 et
537 1601 634 1652 secus
657 1581 757 1650 adtir-

341 1681 519 1766 matinnem
542 1697 646 1782 ipsius

344 1811 510 1896 quomode
536 1817 678 1876 testatus

343 1931 392 1992 est
415 1925 511 1991 nobis
535 1921 696 2009 temperi·
778 1931 780 1938 '

343 2039 402 2104 irus
426 2037 490 2103 iliis
516 2043 549 2103 et
574 2052 656 2121 qnae
682 2051 803 2102 conue-

343 2157 461 2218 nerunt
479 2165 584 2234 usque
609 2165 671 2214 nos
772 2216 776 2226 ,

343 2261 416 2328 duci
442 2261 592 2346 captiuos
617 2259 650 2326 in
676 2276 752 2344 par-

344 2379 409 2440 tem
434 2373 571 2440 orientis
597 2371 653 2456 qui

343 2493 375 2553 et
397 2485 546 2552 seruient
570 2485 656 2552 circa

344 2615 446 2666 annes
471 2597 589 2678 ixxvii

321 2713 410 2777 Tunc
435 2710 569 2777 intrauit
592 2727 679 2776 unus

343 2823 398 2908 qni
422 2840 521 2906 supra
546 2839 604 2889 ecs
631 2828 682 2888 est

345 2943 377 3002 et
401 2935 557 3021 expandit
582 2952 700 3002 manns

345 3057 376 3116 et
401 3049 495 3134 ponit
520 3067 627 3133 genua
651 3065 726 3138 sua,

275 3217 282 3230 .
348 3171 380 3231 et
404 3164 512 3230 orauit
537 3180 597 3247 pro
622 3161 671 3230 eis
695 3162 745 3230 di-

347 3295 425 3344 cens
517 3276 658 3344 Domine
683 3278 790 3343 omnis
835 3356 838 3362 ¹

343 3408 399 3458 rex
424 3390 456 3456 in
481 3390 545 3456 alta
574 3389 653 3456 sede
677 3389 733 3473 qui

345 3502 524 3570 dominaris
548 3502 680 3570 saeculo

346 3615 400 3699 qni
424 3615 558 3682 uoluisti
583 3598 716 3700 piebem

345 3725 428 3796 hanc
452 3745 526 3795 esse
551 3727 610 3794 tibi
634 3726 766 3811 plebem

345 3841 428 3906 hanc
451 3846 622 3924 exceptam
647 3843 726 3906 tnnc

346 3951 482 4020 uoluisti
505 3952 654 4019 inuocari

347 4081 462 4130 eornm
487 4064 569 4131 deus
586 4081 682 4132 secus
696 4057 772 4132 ‘tes-

347 4181 528 4242 tamentum
553 4173 642 4259 quud
666 4175 714 4241 ie-

348 4286 420 4354 cisti
445 4303 521 4354 cum
544 4286 694 4372 patribus

349 4418 464 4468 eorum
488 4409 521 4470 et
545 4402 654 4470 ierunt

348 4514 469 4599 captiui
493 4515 526 4582 in
553 4523 674 4582 terram

349 4627 488 4694 alienam
512 4645 588 4696 cum
611 4628 723 4694 uxori-

351 4739 413 4808 bus
437 4747 470 4807 et
494 4740 580 4807 natis
605 4739 674 4806 suis
699 4746 732 4807 et

352 4854 434 4921 circa
460 4854 584 4922 estium
609 4853 715 4921 allofi-

350 4967 458 5036 icmm
505 4975 539 5034 et
562 4966 618 5035 ubi
643 4973 693 5034 est

349 5079 504 5146 maiestas
528 5095 645 5164 magna

353 5191 482 5276 respice
506 5197 540 5260 et
563 5191 702 5258 misere-

352 5319 388 5370 re
412 5320 529 5372 eorum
553 5303 687 5372 domiue
711 5321 787 5371 cae-

354 5414 446 5484 lestis
494 5419 585 5486 Tunc
609 5416 705 5484 remi-

355 5529 493 5598 niscitur
515 5531 598 5598 deus
621 5547 739 5598 eorum

354 5651 492 5729 prepter
516 5650 696 5714 testamen-

353 5759 424 5824 tum
448 5759 538 5844 quod
560 5755 638 5826 iecit
660 5773 736 5824 cum

953 300 1132 340 -oit-

1091 457 1144 520 86.
1174 473 1203 520 α.
1230 453 1378 539 patritus
1402 452 1534 520 iliorum
1559 457 1591 518 et
1665 461 1669 468 ·

1226 567 1335 651 palam
1359 565 1455 634 saciet
1479 564 1580 632 mise-

1228 679 1404 748 ricordiam
1429 695 1533 745 suam·
1558 683 1592 743 et

1229 793 1434 878 temper-ibus
1458 791 1523 858 iilis
1548 797 1580 856 et

1227 905 1327 972 mittit
1352 905 1383 970 in
1409 904 1552 970 animam
1575 919 1629 970 re-

1230 1016 1279 1100 gis
1303 1021 1341 1082 ut
1365 1013 1561 1082 misereatur

1228 1148 1345 1198 eorum
1371 1137 1403 1198 et
1427 1129 1562 1197 dimittit

1233 1246 1307 1312 iilos
1332 1245 1365 1310 in
1391 1251 1513 1311 terram
1537 1260 1654 1310 eorum

1229 1367 1262 1427 et
1285 1359 1569 1442 regionem-,tunc

1228 1471 1407 1540 ascendent
1433 1471 1560 1556 aliquae

1230 1591 1340 1670 partes
1365 1583 1512 1650 tribuum
1535 1587 1568 1649 et

1229 1696 1364 1764 uenient
1388 1695 1420 1760 in
1446 1695 1555 1762 locum

1227 1808 1446 1875 constitutum
1472 1823 1569 1873 surum
1670 1885 1674 1890 .

1225 1929 1258 1989 e't
1282 1919 1576 1987 circumuallahunt

1228 2037 1337 2102 iocum
1361 2038 1562 2100 rennuentes

1228 2148 1311 2214 duae
1336 2155 1446 2212 antem
1471 2143 1575 2212 tribus

1227 2259 1469 2344 permanebunt
1492 2256 1524 2324 in

1228 2373 1415 2458 praeposita
1440 2371 1505 2440 fide
1529 2389 1588 2437 sua

1230 2486 1343 2554 tristes
1368 2491 1401 2552 et
1426 2502 1558 2568 gemen-

1231 2607 1280 2668 tes
1305 2598 1379 2683 quia
1405 2615 1472 2664 nen
1498 2603 1593 2681 pote-

1228 2711 1294 2778 rint
1318 2711 1442 2777 reierre
1467 2710 1529 2776 im-

1229 2824 1426 2892 molationes
1450 2823 1585 2892 domino

1230 2946 1385 3023 patruum
1411 2953 1549 3004 suorum

1231 3059 1264 3120 et
1288 3071 1329 3118 ·x·
1357 3051 1463 3120 trihus
1488 3066 1579 3120 cres-

1158 3220 1164 3234 .
1229 3172 1304 3232 cent
1329 3171 1362 3232 et
1387 3164 1567 3232 deuenient

1231 3277 1318 3362 apud
1344 3284 1440 3344 nates
1465 3277 1497 3342 in
1523 3283 1608 3343 tem-

1225 3405 1306 3474 pore
1332 3388 1464 3455 tribum·
1483 3395 1516 3454 et

1226 3519 1301 3570 cum
1325 3501 1568 3585 adpropinbunt

1226 3623 1375 3700 tempora
1399 3614 1558 3698 arguendi

1229 3736 1262 3795 et
1286 3727 1431 3794 uindicta
1455 3726 1561 3810 surgit

1226 3839 1266 3906 de
1290 3856 1385 3922 reges
1410 3837 1587 3924 participes

1226 3951 1391 4019 scelerum
1415 3957 1448 4018 et
1472 3949 1567 4035 puni-

1226 4071 1320 4132 entes
1336 4082 1395 4131 ens
1419 4069 1451 4131 et
1475 4063 1538 4148 ipsi

1233 4176 1426 4244 diuidentur
1449 4175 1489 4244 ad
1514 4191 1574 4242 ue-

1231 4289 1375 4356 ritatem·
1400 4293 1539 4372 propter

1173 4451 1177 4466 .
1229 4397 1320 4486 qued
1344 4399 1468 4466 iactum
1492 4398 1556 4467 tuit

1231 4513 1545 4582 mmmmm

1232 4627 1310 4695 tiam
1334 4635 1368 4695 et
1392 4627 1551 4696 accedent

1232 4739 1273 4808 ad
1296 4739 1505 4825 iniquitatem
1530 4748 1564 4808 et

1232 4851 1503 4920 contaminabunt
1527 4853 1561 4919 in

1232 4963 1461 5048 gerationibus
1485 4963 1624 5032 domum

1232 5079 1403 5146 seruitutis
1428 5097 1507 5148 suae

1168 5193 1171 5200 '
1233 5199 1267 5258 et
1289 5191 1372 5277 quia
1389 5191 1598 5260 tornicabnnt

1232 5311 1309 5389 post
1333 5305 1414 5372 deos
1438 5304 1565 5373 alienus

1231 5433 1299 5485 non
1324 5417 1411 5484 enim
1436 5433 1583 5502 sequen«

1233 5509 1294 5597 tur¹
1310 5529 1486 5598 ueritatem
1510 5529 1563 5597 dei

1231 5642 1289 5710 sed
1315 5641 1447 5728 quidam
1472 5641 1627 5711 altarium

1232 5753 1453 5840 inquinabunt
1476 5753 1517 5822 de

1560 5869 1581 5916 u
