4594 6452
127 387 224 481 poris
243 385 453 502 convertitur
470 379 509 456 ιι
526 379 808 476 redargutionem
826 387 948 464 ιιιιιι-

127 517 185 600 tls,
207 521 243 591 et
260 517 375 590 omnis
397 501 548 589 dulcedo
566 519 824 610 unguentorum
843 516 948 608 bujus

11 667 15 682 ·
127 644 297 736 temporis
325 642 536 717 conuertitur
553 641 591 715 io
613 640 785 732 judicium
813 647 848 718 ιι
865 661 947 730 ιιις

129 771 398 852 damnationem,
428 776 463 844 et
489 769 603 845 omnis
631 785 728 842 amor
746 769 948 844 mendacii·

129 899 341 972 conuertitur
367 898 404 970 in
432 896 618 990 opprobria
636 896 674 970 in
691 897 841 970 silentiu.
861 895 949 971 Cum

129 1041 212 1114 erpo
239 1021 470 1097 haecomnia
497 1023 627 1098 luerint
653 1041 774 1113 nuuc,
803 1029 951 1116 putasne

57 1147 64 1162 '
128 1149 338 1242 requirenda
364 1167 437 1224 non
466 1151 575 1225 turoi
602 1149 861 1225 consummatio
889 1169 949 1224 au·

129 1283 199 1352 tem
219 1277 376 1376 omnium
395 1275 441 1348 ad
458 1250 636 1350 ueritatem
654 1277 781 1350 reniet.

183 1404 245 1476 at.
261 1404 333 1496 Ego
347 1403 451 1495 igitur
469 1403 618 1478 indicavi
632 1403 732 1478 uobis
748 1403 831 1476 dum
841 1404 950 1492 ,uirus

127 1541 208 1606 sum
221 1557 231 1618 ;
260 1531 331 1606 diri
350 1533 443 1606 enim
463 1531 537 1606 lore
564 1537 601 1606 ut
627 1507 777 1620 maxime
796 1531 949 1608 discere-

129 1661 173 1735 tis
191 1665 373 1751 praecepta
392 1659 530 1743 Fortis,
547 1679 713 1764 quaeres
732 1661 896 1747 monebo;
916 1668 951 1736 ct

53 1841 62 1858 .
128 1785 450 1892 proponamyobis
478 1785 654 1862 modicum
683 1806 727 1861 ιιι
753 1789 949 1879 praeceptis

125 1913 247 2005 judicii
273 1912 352 2004 eius
389 1921 573 2016 numquam
601 1913 741 1987 moriar.
776 1913 948 1988 Recorda-

128 2042 226 2126 mini,
242 2042 324 2134 quia
343 2041 426 2115 olim
445 2047 645 2116 contestans
664 2038 877 2117 contestatus
896 2047 963 2117 est·

129 2170 166 2240 iu
194 2187 258 2242 ros
275 2169 414 2260 Moyses
433 2170 568 2243 caelum
587 2175 622 2242 ιι
639 2175 777 2254 terram,
797 2175 832 2244 et
849 2168 947 2253 dixit,

131 2296 213 2387 quia
231 2297 262 2369 si
280 2295 476 2387 abjeceritis
494 2297 618 2386 legem,
639 2295 900 2388 dispergemini,
915 2301 965 2410 ct

131 2425 162 2496 ιι
190 2423 424 2498 ιιιιιιιιιιιιι
443 2441 531 2507 eam,
550 2422 802 2514 plantabimini.
821 2423 863 2496 Et
884 2423 949 2496 alia

130 2552 273 2643 quoque
300 2549 439 2625 dicebat
464 2549 576 2632 robis,
607 2565 686 2624 cum
714 2549 818 2622 eratis
845 2549 949 2624 simul

130 2675 336 2762 duodecim,
359 2676 472 2751 tribus
512 2655 550 2750 ιι
595 2675 746 2750 ιιιιιιι.
788 2677 831 2750 Et
870 2681 950 2770 post

129 2811 277 2880 mortem
308 2805 385 2897 ejus
416 2804 614 2896 projecistis
646 2824 686 2878 ea
719 2825 739 2878 a
765 2805 865 2880 robis
877 2830 886 2892 ;
915 2809 950 2880 et

129 2940 273 3025 propter
308 2932 376 3008 boe
411 2921 691 3026 supervenerunt
726 2933 827 3007 rubis
859 2951 949 3025 quae

30 3023 39 3052 ⁸
129 3059 304 3149 praedicta
331 3060 477 3134 lucrant.
507 3059 552 3133 lit
577 3078 671 3134 nuuc
697 3059 835 3152 Moyses
854 3061 947 3136 dice·

132 3186 191 3259 bat
222 3185 321 3260 robis
359 3193 544 3278 ιιιιιιιιιι
577 3187 793 3280 contingeret
823 3189 947 3273 robis,

128 3318 162 3385 et
188 3331 271 3387 ecee
298 3289 443 3406 contigit
468 3312 582 3388 robis.
621 3315 825 3408 lleliduistls
854 3317 948 3392 enim

130 3441 254 3532 legem.
283 3441 394 3514 Etiam
421 3459 487 3534 ego
515 3459 597 3517 ecoe
624 3443 702 3516 dico
731 3443 830 3518 robis
858 3451 950 3538 post·

131 3587 234 3660 quam
252 3569 347 3660 passi
374 3570 471 3654 estis,
501 3576 549 3654 ut,
579 3571 610 3644 sl
629 3569 948 3664 obtemperaveritis

131 3697 174 3810 iis
188 3713 278 3787 quae
292 3695 383 3770 dicta
401 3702 484 3770 sunt
498 3697 610 3782 robis,
627 3699 800 3790 recipiatis
819 3717 839 3772 a
857 3700 950 3774 Furti

130 3822 378 3915 quodcumque
397 3829 450 3897 est
468 3826 659 3916 repositum
678 3832 713 3900 et
735 3833 949 3900 reservatum

130 3948 241 4024 cobis.
261 3951 313 4022 stt
331 3958 446 4026 autem
464 3951 550 4029 baec
568 3953 714 4044 epistola
736 3955 826 4029 iuter
844 3973 901 4030 me
915 3961 949 4030 et

130 4095 192 4150 uus
220 4077 257 4150 in
284 4077 536 4164 testimonium,
558 4087 595 4154 ut
621 4082 697 4154 sitis
725 4083 948 4158 recordantes

129 4212 312 4297 praecepta
326 4207 450 4290 Fortis,
466 4213 501 4280 et
519 4213 557 4280 ut
574 4207 677 4281 etiam
697 4207 781 4285 mibi
800 4210 846 4284 sit
863 4210 948 4296 mibi

130 4332 287 4406 delensio
305 4351 422 4407 coram
442 4351 484 4407 eu
499 4333 560 4426 qui
578 4335 673 4408 misit
691 4355 758 4410 me.
778 4336 819 4410 lit
837 4355 951 4412 recor·
971 4427 974 4434 ,

130 4461 251 4535 dantes
269 4461 346 4534 sitis
365 4461 450 4534 Sion
465 4467 500 4535 ιι
516 4462 643 4555 legem,
661 4469 788 4536 terram
807 4483 949 4558 quoquc

130 4595 283 4662 sanctam
303 4595 338 4663 et
355 4589 477 4686 iratres
496 4595 632 4662 uestros
650 4595 684 4664 et
703 4597 948 4666 testamentum

130 4723 165 4790 ιι
193 4723 307 4808 patres
335 4723 481 4803 uestros,
502 4723 536 4791 et
562 4715 647 4790 testa
674 4723 708 4792 et
735 4717 876 4792 sabbata
902 4739 948 4794 ue

130 4841 396 4918 obliviscamini.
410 4844 452 4916 lit
469 4843 591 4918 tradite
609 4824 699 4918 banc
713 4847 895 4936 epistolam
914 4853 949 4922 et

129 4953 331 5046 ¹traditiones
357 4972 445 5064 legis
472 4971 554 5045 tiliis
572 4973 697 5058 restris
716 4978 797 5063 post
814 4991 888 5058 ros,
909 4979 948 5048 ut

129 5099 232 5172 etiam
246 5101 347 5174 vobis
361 5099 814 5192 tradideruntrobispatres
828 5103 946 5176 uestri.

128 5225 170 5298 ut
197 5227 233 5300 in
261 5228 357 5300 omni
384 5233 541 5319 tempore
568 5229 644 5302 sitis
671 5229 886 5320 postulantes
914 5235 949 5304 et

129 5359 268 5430 ιιιιιιι
288 5347 470 5447 diligenter
483 5373 528 5430 ax
546 5361 615 5428 tota
634 5356 748 5428 anima
762 5363 889 5440 vestra,
910 5363 949 5431 ut

126 5481 373 5556 reconcilietur
389 5481 490 5556 robis
508 5483 631 5568 lorus,
650 5501 767 5575 neque
784 5491 949 5576 supputet

129 5607 387 5682 multitudinem
406 5615 626 5700 peccatomm
640 5613 863 5696 uestrorum,
883 5611 948 5688 sed

129 5734 333 5810 recordetur
367 5735 610 5814 rectitudinem
645 5747 782 5835 patrum
814 5745 946 5816 ιιιιιι-

1041 409 1131 464 rom.
1171 391 1208 464 Si
1244 383 1338 466 euim
1374 390 1577 495 secundnm¹
1606 391 1863 470 multitudinem

1042 517 1300 592 misericordiae
1327 537 1413 593 suae
1444 537 1517 594 non
1539 518 1746 612 judicaverit
1772 539 1863 605 nos,

1043 645 1409 720 caenobisomnibus
1428 647 1543 720 ιιιιιι
1920 731 1925 760 ¹

1097 771 1159 846 85.
1188 773 1316 856 lterum
1343 779 1458 848 autem
1484 773 1673 857 noveritis,
1703 773 1801 866 quod
1826 773 1863 846 in

1042 891 1258 990 temporibus
1285 900 1442 990 pristinis
1460 905 1495 974 et
1520 901 1558 974 ιι
1580 899 1863 990 generationibus

1043 1029 1197 1119 andquis
1214 1027 1389 1102 habebant
1405 1032 1523 1117 patres
1540 1027 1652 1100 nostri
1670 1026 1862 1118 adjutores,

1039 1153 1155 1246 justos
1188 1159 1222 1226 ιι
1246 1153 1434 1244 propbetas
1462 1158 1497 1227 ιι
1523 1158 1683 1240 ιιιιιιι;
1711 1154 1782 1230 imo
1802 1171 1863 1234 au·
1948 1137 1954 1152 ’

1043 1287 1113 1354 ιιιι
1131 1281 1260 1355 luimus
1288 1281 1325 1354 io
1352 1281 1428 1370 ipsa
1455 1286 1546 1354 tarra
1565 1263 1704 1363 nostra,
1734 1285 1768 1354 et
1795 1277 1863 1372 ipsi

1043 1407 1251 1500 adjurabant
1280 1427 1346 1484 nos
1380 1397 1520 1501 quaudo
1552 1407 1800 1500 peccabamus,
1829 1412 1865 1480 ct

1042 1531 1274 1638 precabantur
1291 1553 1355 1626 pro
1374 1535 1478 1610 nobis
1497 1553 1577 1610 eum
1590 1533 1658 1625 uui
1676 1533 1757 1606 iecit
1774 1549 1862 1616 nos,

1043 1663 1125 1766 quia
1152 1661 1368 1738 confidentes
1387 1667 1485 1736 eraut
1501 1663 1539 1734 io
1567 1659 1733 1752 operibus
1760 1660 1861 1742 suis,

1043 1795 1078 1863 ιι
1113 1790 1224 1864 Fortis
1261 1789 1468 1864 exaudiebat
1503 1807 1590 1874 aus,
1620 1794 1656 1862 ιι
1691 1787 1862 1880 propitius

1041 1915 1146 1994 tiebat
1171 1918 1286 1992 nobis.
1323 1919 1422 1994 Nunc
1443 1923 1573 2022 ,ιιιιιι
1602 1899 1692 2005 'iusti
1728 1915 1864 1990 collecti

1041 2045 1205 2128 luerunt,
1235 2051 1269 2118 ιι
1303 2044 1493 2136 prophetae
1521 2043 1761 2127 dormierunt,
1795 2061 1861 2116 nos

1042 2191 1225 2265 quoquae
1251 2179 1341 2246 terra
1369 2177 1489 2246 nostra
1507 2172 1691 2254 erluinus,
1712 2176 1747 2244 et
1773 2171 1859 2244 Sion

1042 2298 1152 2374 ablata
1171 2304 1225 2372 est
1242 2317 1263 2372 a
1281 2299 1395 2384 nobis,
1415 2316 1532 2390 nequa
1547 2297 1737 2391 quidquam
1756 2297 1862 2372 babe-

1042 2443 1122 2500 mus
1140 2444 1234 2500 nuuc
1260 2431 1397 2528 praeter
1422 2427 1561 2500 Fortem
1580 2431 1615 2500 et
1637 2427 1751 2518 legem
1770 2424 1868 2516 ejus„

1041 2553 1078 2628 Si
1114 2570 1197 2644 erpo
1234 2552 1465 2628 direxerimus
1509 2559 1544 2626 et
1580 2551 1859 2659 disposuerimus

1042 2679 1148 2754 corda
1187 2686 1330 2762 nostra,
1368 2680 1577 2772 recipiemus
1618 2695 1885 2772 quaecumque

1042 2809 1222 2882 amisimus
1249 2809 1342 2882 nos·
1371 2809 1478 2882 multo
1504 2809 1615 2900 plura.
1645 2807 1740 2894 Quae
1767 2807 1861 2880 enim

1042 2934 1235 3018 amisimus,
1264 2935 1497 3028 corruptionis
1524 2935 1682 3018 luerunt,
1712 2940 1746 3008 et
1773 2951 1863 3026 quae

1042 3065 1265 3154 recipiemus,
1281 3083 1353 3138 non
1373 3071 1648 3156 cormmpcutur.
1668 3064 1779 3136 Etiam
1798 3061 1862 3135 lra-

1042 3190 1154 3264 tribus
1181 3191 1311 3265 nostris
1331 3197 1446 3266 autem
1473 3191 1526 3264 sic
1544 3191 1669 3284 scripsi
1689 3191 1733 3264 ad
1750 3191 1860 3284 Baby·

1041 3319 1171 3402 loncm,
1191 3326 1230 3394 ut
1247 3321 1349 3394 eliam
1369 3319 1420 3394 eis
1438 3319 1526 3394 baec
1542 3320 1619 3413 ipsa
1638 3324 1860 3406 contestarer.

1044 3448 1121 3520 Sint
1139 3453 1253 3522 autem
1273 3449 1309 3520 iu
1327 3448 1424 3522 omui
1443 3453 1600 3540 tempore
1614 3466 1732 3524 coram
1750 3447 1862 3522 ocutis

1045 3574 1169 3652 restris
1197 3575 1262 3648 ista
1281 3575 1398 3648 omula
1423 3574 1617 3666 praedicta;
1648 3575 1730 3668 quia
1747 3573 1861 3648 adbuc

1044 3701 1080 3774 in
1117 3703 1241 3792 spiritu
1276 3720 1400 3776 sumus
1436 3703 1666 3794 potestastis·
1693 3701 1861 3776 libertatis
1904 3681 1910 3691 ¹

1042 3833 1193 3902 nostrae.
1231 3829 1359 3904 lterum
1389 3837 1504 3904 annm
1532 3831 1634 3904 etiam
1661 3829 1861 3904 llttssimus

1041 3955 1250 4048 longanimis
1269 3963 1323 4032 est
1341 3957 1525 4032 uobiscum
1552 3957 1621 4042 bic,
1641 3963 1677 4031 et
1698 3955 1864 4031 indicarit

1041 4084 1144 4160 nobls
1172 4084 1267 4178 quod
1294 4085 1446 4158 loturum
1466 4091 1529 4170 est,
1551 4103 1667 4177 neque
1695 4085 1817 4158 celarit
1842 4103 1862 4156 a
1978 4073 1991 4088 “

1040 4212 1145 4288 uobis
1173 4211 1269 4304 quod
1295 4213 1332 4286 in
1359 4219 1516 4286 extremo
1544 4213 1733 4304 continget.
1753 4211 1859 4286 lote-

1042 4359 1146 4432 quam
1165 4357 1248 4431 erpo
1267 4339 1419 4432 requirat
1433 4338 1605 4430 judicium
1624 4357 1728 4414 suum
1747 4345 1782 4414 et
1800 4357 1859 4414 ve·

1040 4467 1176 4564 ritatem
1203 4464 1397 4558 cujuspiam
1416 4465 1511 4558 quod
1530 4467 1562 4542 ei
1589 4465 1746 4552 debetur,
1766 4483 1864 4558 prae·

1040 4612 1203 4686 paremus
1231 4595 1379 4670 animam
1399 4603 1565 4680 nostram,
1587 4603 1624 4670 ut
1640 4613 1860 4672 assumamus

1041 4731 1077 4798 et
1094 4741 1166 4798 nou
1184 4729 1222 4796 ut
1239 4741 1468 4806 assumamur,
1489 4729 1524 4798 ct
1550 4729 1588 4796 ut
1614 4739 1797 4815 speremus
1812 4711 1861 4796 'et

1040 4869 1113 4924 non
1133 4855 1170 4924 ut
1188 4848 1453 4935 confundamur,
1482 4855 1574 4924 etot
1599 4849 1862 4942 requiescamus

1041 4995 1122 5052 cum
1140 4976 1296 5069 patribus
1315 4979 1456 5064 nostris,
1472 4984 1508 5052 et
1525 4985 1597 5051 nob
1615 4984 1654 5051 ut
1666 4979 1866 5052 cruciemur

1041 5123 1121 5178 cunr
1136 5103 1343 5178 aduersariis
1358 5105 1500 5178 uostris.
1519 5105 1686 5178 inuectus
1700 5105 1793 5178 enim
1808 5122 1862 5178 se

1040 5229 1109 5306 culi
1127 5231 1315 5322 praeteriit,
1329 5237 1364 5304 et
1380 5231 1479 5322 rigor
1497 5237 1673 5306 creaturae
1687 5231 1760 5325 jam
1779 5249 1861 5306 con

1039 5363 1200 5450 sumptus
1215 5363 1281 5442 est,
1291 5365 1326 5434 et
1338 5357 1508 5433 adrentus
1524 5365 1721 5450 temporum
1736 5361 1863 5452 exigue

1041 5485 1228 5570 modicum,
1249 5493 1284 5560 et
1311 5487 1580 5579 praeterierunt;
1610 5493 1644 5564 et
1669 5504 1781 5580 prope
1807 5493 1862 5562 est

1040 5613 1163 5706 hydria
1177 5615 1361 5702 cisternae,
1378 5619 1412 5690 et
1430 5615 1527 5690 uaris
1546 5615 1673 5708 portui,
1690 5621 1863 5690 etcursus

1040 5741 1176 5818 itineris
1190 5741 1281 5830 urbi,
1293 5751 1329 5820 et
1342 5744 1408 5820 rita
1418 5744 1722 5821 consummationi.
1737 5745 1866 5818 lterum
1880 5773 1906 5784 -
