<?xml version="1.0" encoding="UTF-8"?>
<!DOCTYPE html PUBLIC "-//W3C//DTD XHTML 1.0 Transitional//EN"
    "http://www.w3.org/TR/xhtml1/DTD/xhtml1-transitional.dtd">
<html xmlns="http://www.w3.org/1999/xhtml" xml:lang="en" lang="en">
 <head>
  <title>
</title>
<meta http-equiv="Content-Type" content="text/html;charset=utf-8" />
  <meta name='ocr-system' content='tesseract 3.04.00' />
  <meta name='ocr-capabilities' content='ocr_page ocr_carea ocr_par ocr_line ocrx_word'/>
</head>
<body>
  <div class='ocr_page' id='page_1' title='image "./fragmentumactuu00unkngoog/fragmentumactuu00unkngoog_0094.png"; bbox 0 0 4690 6406; ppageno 0'>
   <div class='ocr_carea' id='block_1_1' title="bbox 725 895 1311 1028">
    <p class='ocr_par' dir='ltr' id='par_1_1' title="bbox 725 895 1311 1028">
     <span class='ocr_line' id='line_1_1' title="bbox 725 895 1311 1028; baseline -0.003 -2"><span class='ocrx_word' id='word_1_1' title='bbox 725 895 1311 1028; x_wconf 78' lang='lat' dir='ltr'><strong>Pbotuooduttt</strong></span> 
     </span>
    </p>
   </div>
   <div class='ocr_carea' id='block_1_2' title="bbox 454 1183 1543 1346">
    <p class='ocr_par' dir='ltr' id='par_1_2' title="bbox 454 1183 1543 1346">
     <span class='ocr_line' id='line_1_2' title="bbox 454 1183 1543 1346; baseline 0.005 -5"><span class='ocrx_word' id='word_1_2' title='bbox 454 1221 546 1341; x_wconf 81' lang='lat' dir='ltr'><strong>&#39;n</strong></span> <span class='ocrx_word' id='word_1_3' title='bbox 585 1243 895 1344; x_wconf 84' lang='lat' dir='ltr'><strong>uotrrouun</strong></span> <span class='ocrx_word' id='word_1_4' title='bbox 944 1243 1232 1344; x_wconf 74' lang='lat' dir='ltr'><strong>tonsionis</strong></span> <span class='ocrx_word' id='word_1_5' title='bbox 1281 1183 1543 1346; x_wconf 78' lang='lat' dir='ltr'><strong>suntiono</strong></span> 
     </span>
    </p>
   </div>
   <div class='ocr_carea' id='block_1_3' title="bbox 793 1543 1242 1634">
    <p class='ocr_par' dir='ltr' id='par_1_3' title="bbox 793 1543 1242 1634">
     <span class='ocr_line' id='line_1_3' title="bbox 793 1543 1242 1634; baseline 0.009 -4"><span class='ocrx_word' id='word_1_6' title='bbox 793 1550 860 1631; x_wconf 81' lang='lat' dir='ltr'><strong>EX</strong></span> <span class='ocrx_word' id='word_1_7' title='bbox 908 1543 1091 1632; x_wconf 82' lang='lat' dir='ltr'><strong>tdxuu</strong></span> <span class='ocrx_word' id='word_1_8' title='bbox 1134 1549 1242 1634; x_wconf 84' lang='lat' dir='ltr'><strong>LXX</strong></span> 
     </span>
    </p>
   </div>
   <div class='ocr_carea' id='block_1_4' title="bbox 900 1833 1131 1846">
    <p class='ocr_par' dir='ltr' id='par_1_4' title="bbox 900 1833 1131 1846">
     <span class='ocr_line' id='line_1_4' title="bbox 900 1833 1131 1846; baseline 0 -2"><span class='ocrx_word' id='word_1_9' title='bbox 900 1833 1131 1846; x_wconf 74' lang='lat' dir='ltr'>————n——</span> 
     </span>
    </p>
   </div>
   <div class='ocr_carea' id='block_1_5' title="bbox 780 2249 1164 2316">
    <p class='ocr_par' dir='ltr' id='par_1_5' title="bbox 780 2249 1164 2316">
     <span class='ocr_line' id='line_1_5' title="bbox 780 2249 1164 2316; baseline 0.018 -7"><span class='ocrx_word' id='word_1_10' title='bbox 780 2249 782 2254; x_wconf 86' lang='lat'>&#39;</span> <span class='ocrx_word' id='word_1_11' title='bbox 891 2266 1164 2316; x_wconf 83' lang='lat' dir='ltr'><strong>rnoouururr.</strong></span> 
     </span>
    </p>
   </div>
   <div class='ocr_carea' id='block_1_6' title="bbox 144 2673 970 3168">
    <p class='ocr_par' dir='ltr' id='par_1_6' title="bbox 144 2673 970 3168">
     <span class='ocr_line' id='line_1_6' title="bbox 196 2673 970 2756; baseline 0.009 -19"><span class='ocrx_word' id='word_1_12' title='bbox 196 2675 223 2738; x_wconf 89' lang='lat' dir='ltr'><strong>t.</strong></span> <span class='ocrx_word' id='word_1_13' title='bbox 249 2673 338 2738; x_wconf 89' lang='lat' dir='ltr'><strong>inter</strong></span> <span class='ocrx_word' id='word_1_14' title='bbox 372 2674 633 2756; x_wconf 83' lang='lat' dir='ltr'><strong>praestantiores</strong></span> <span class='ocrx_word' id='word_1_15' title='bbox 661 2695 702 2744; x_wconf 82' lang='lat' dir='ltr'><strong>en</strong></span> <span class='ocrx_word' id='word_1_16' title='bbox 727 2679 812 2746; x_wconf 81' lang='lat' dir='ltr'><strong>Lxx</strong></span> <span class='ocrx_word' id='word_1_17' title='bbox 835 2677 970 2748; x_wconf 89' lang='lat' dir='ltr'><strong>Versic-</strong></span> 
     </span>
     <span class='ocr_line' id='line_1_7' title="bbox 145 2805 969 2898; baseline 0.01 -26"><span class='ocrx_word' id='word_1_18' title='bbox 145 2823 207 2874; x_wconf 93' lang='lat' dir='ltr'><strong>nes</strong></span> <span class='ocrx_word' id='word_1_19' title='bbox 231 2805 382 2890; x_wconf 82' lang='lat' dir='ltr'><strong>antiquas</strong></span> <span class='ocrx_word' id='word_1_20' title='bbox 414 2825 534 2894; x_wconf 76' lang='lat' dir='ltr'><strong>magno</strong></span> <span class='ocrx_word' id='word_1_21' title='bbox 563 2829 696 2898; x_wconf 88' lang='lat' dir='ltr'><strong>semper</strong></span> <span class='ocrx_word' id='word_1_22' title='bbox 719 2813 753 2880; x_wconf 93' lang='lat' dir='ltr'><strong>in</strong></span> <span class='ocrx_word' id='word_1_23' title='bbox 777 2813 885 2898; x_wconf 91' lang='lat' dir='ltr'><strong>pretio</strong></span> <span class='ocrx_word' id='word_1_24' title='bbox 910 2813 969 2880; x_wconf 88' lang='lat' dir='ltr'><strong>ba-</strong></span> 
     </span>
     <span class='ocr_line' id='line_1_8' title="bbox 144 2941 969 3049; baseline 0.013 -42"><span class='ocrx_word' id='word_1_25' title='bbox 144 2942 212 3008; x_wconf 88' lang='lat' dir='ltr'><strong>bita</strong></span> <span class='ocrx_word' id='word_1_26' title='bbox 237 2941 298 3008; x_wconf 79' lang='lat' dir='ltr'><strong>tuit</strong></span> <span class='ocrx_word' id='word_1_27' title='bbox 315 2942 447 3026; x_wconf 77' lang='lat' dir='ltr'><strong>Syriaca</strong></span> <span class='ocrx_word' id='word_1_28' title='bbox 475 2961 516 3012; x_wconf 85' lang='lat' dir='ltr'><strong>en</strong></span> <span class='ocrx_word' id='word_1_29' title='bbox 543 2945 677 3015; x_wconf 81' lang='lat' dir='ltr'><strong>illorum</strong></span> <span class='ocrx_word' id='word_1_30' title='bbox 699 2955 791 3016; x_wconf 82' lang='lat' dir='ltr'><strong>textu</strong></span> <span class='ocrx_word' id='word_1_31' title='bbox 808 2949 969 3049; x_wconf 89' lang='lat' dir='ltr'><strong>adornato</strong></span> 
     </span>
     <span class='ocr_line' id='line_1_9' title="bbox 144 3075 969 3168; baseline 0.017 -28"><span class='ocrx_word' id='word_1_32' title='bbox 144 3075 298 3158; x_wconf 81' lang='lat' dir='ltr'><strong>origenis</strong></span> <span class='ocrx_word' id='word_1_33' title='bbox 323 3077 411 3144; x_wconf 87' lang='lat' dir='ltr'><strong>euris</strong></span> <span class='ocrx_word' id='word_1_34' title='bbox 439 3079 602 3164; x_wconf 84' lang='lat' dir='ltr'><strong>derivata,</strong></span> <span class='ocrx_word' id='word_1_35' title='bbox 635 3099 719 3168; x_wconf 87' lang='lat' dir='ltr'><strong>quae</strong></span> <span class='ocrx_word' id='word_1_36' title='bbox 748 3083 775 3150; x_wconf 93' lang='lat' dir='ltr'><strong>si</strong></span> <span class='ocrx_word' id='word_1_37' title='bbox 800 3085 969 3154; x_wconf 81' lang='lat' dir='ltr'><strong>nonnrdlis</strong></span> 
     </span>
    </p>
   </div>
   <div class='ocr_carea' id='block_1_7' title="bbox 10 3213 972 3305">
    <p class='ocr_par' dir='ltr' id='par_1_7' title="bbox 10 3213 972 3305">
     <span class='ocr_line' id='line_1_10' title="bbox 10 3213 972 3305; baseline 0.015 -29"><span class='ocrx_word' id='word_1_38' title='bbox 10 3277 11 3282; x_wconf 68' lang='grc'>,</span> <span class='ocrx_word' id='word_1_39' title='bbox 144 3218 254 3278; x_wconf 83' lang='lat' dir='ltr'><strong>aetate</strong></span> <span class='ocrx_word' id='word_1_40' title='bbox 278 3213 376 3294; x_wconf 91' lang='lat' dir='ltr'><strong>cedit,</strong></span> <span class='ocrx_word' id='word_1_41' title='bbox 400 3221 512 3282; x_wconf 92' lang='lat' dir='ltr'><strong>tamen</strong></span> <span class='ocrx_word' id='word_1_42' title='bbox 537 3223 607 3285; x_wconf 93' lang='lat' dir='ltr'><strong>tum</strong></span> <span class='ocrx_word' id='word_1_43' title='bbox 632 3220 742 3305; x_wconf 88' lang='lat' dir='ltr'><strong>quoad</strong></span> <span class='ocrx_word' id='word_1_44' title='bbox 759 3221 858 3288; x_wconf 86' lang='lat' dir='ltr'><strong>crisin</strong></span> <span class='ocrx_word' id='word_1_45' title='bbox 876 3223 972 3304; x_wconf 86' lang='lat' dir='ltr'><strong>LXX,</strong></span> 
     </span>
    </p>
   </div>
   <div class='ocr_carea' id='block_1_8' title="bbox 10 3347 989 5466">
    <p class='ocr_par' dir='ltr' id='par_1_8' title="bbox 10 3315 989 5466">
     <span class='ocr_line' id='line_1_11' title="bbox 145 3347 973 3438; baseline 0.015 -26.037"><span class='ocrx_word' id='word_1_46' title='bbox 145 3355 218 3413; x_wconf 92' lang='lat' dir='ltr'><strong>tum</strong></span> <span class='ocrx_word' id='word_1_47' title='bbox 243 3347 353 3432; x_wconf 84' lang='lat' dir='ltr'><strong>quoad</strong></span> <span class='ocrx_word' id='word_1_48' title='bbox 376 3347 438 3415; x_wconf 87' lang='lat' dir='ltr'><strong>alia</strong></span> <span class='ocrx_word' id='word_1_49' title='bbox 462 3349 664 3436; x_wconf 84' lang='lat' dir='ltr'><strong>adjumenta,</strong></span> <span class='ocrx_word' id='word_1_50' title='bbox 688 3371 772 3438; x_wconf 88' lang='lat' dir='ltr'><strong>quae</strong></span> <span class='ocrx_word' id='word_1_51' title='bbox 796 3355 836 3422; x_wconf 88' lang='lat' dir='ltr'><strong>ab</strong></span> <span class='ocrx_word' id='word_1_52' title='bbox 859 3373 898 3422; x_wconf 93' lang='lat' dir='ltr'><strong>ea</strong></span> <span class='ocrx_word' id='word_1_53' title='bbox 923 3374 973 3424; x_wconf 92' lang='lat' dir='ltr'><strong>re·</strong></span> 
     </span>
     <span class='ocr_line' id='line_1_12' title="bbox 10 3453 972 3573; baseline 0.017 -30"><span class='ocrx_word' id='word_1_54' title='bbox 10 3453 11 3462; x_wconf 32' lang='lat'>¹</span> <span class='ocrx_word' id='word_1_55' title='bbox 144 3481 216 3566; x_wconf 93' lang='lat' dir='ltr'><strong>peti</strong></span> <span class='ocrx_word' id='word_1_56' title='bbox 240 3487 382 3565; x_wconf 90' lang='lat' dir='ltr'><strong>possunt</strong></span> <span class='ocrx_word' id='word_1_57' title='bbox 406 3483 438 3550; x_wconf 95' lang='lat' dir='ltr'><strong>in</strong></span> <span class='ocrx_word' id='word_1_58' title='bbox 457 3489 559 3552; x_wconf 91' lang='lat' dir='ltr'><strong>totam</strong></span> <span class='ocrx_word' id='word_1_59' title='bbox 576 3503 647 3554; x_wconf 91' lang='lat' dir='ltr'><strong>rem</strong></span> <span class='ocrx_word' id='word_1_60' title='bbox 661 3487 830 3573; x_wconf 82' lang='lat' dir='ltr'><strong>biblicam,</strong></span> <span class='ocrx_word' id='word_1_61' title='bbox 852 3490 972 3558; x_wconf 88' lang='lat' dir='ltr'><strong>ceteris</strong></span> 
     </span>
     <span class='ocr_line' id='line_1_13' title="bbox 142 3615 973 3712; baseline 0.016 -30"><span class='ocrx_word' id='word_1_62' title='bbox 142 3615 240 3682; x_wconf 84' lang='lat' dir='ltr'><strong>tacite</strong></span> <span class='ocrx_word' id='word_1_63' title='bbox 252 3617 444 3686; x_wconf 73' lang='lat' dir='ltr'><strong>antefertur.</strong></span> <span class='ocrx_word' id='word_1_64' title='bbox 459 3621 689 3692; x_wconf 79' lang='lat' dir='ltr'><strong>committenti</strong></span> <span class='ocrx_word' id='word_1_65' title='bbox 700 3625 781 3692; x_wconf 91' lang='lat' dir='ltr'><strong>mibi</strong></span> <span class='ocrx_word' id='word_1_66' title='bbox 798 3627 883 3712; x_wconf 84' lang='lat' dir='ltr'><strong>typis</strong></span> <span class='ocrx_word' id='word_1_67' title='bbox 900 3645 973 3712; x_wconf 90' lang='lat' dir='ltr'><strong>par·</strong></span> 
     </span>
     <span class='ocr_line' id='line_1_14' title="bbox 142 3751 973 3842; baseline 0.017 -26"><span class='ocrx_word' id='word_1_68' title='bbox 142 3757 214 3822; x_wconf 88' lang='lat' dir='ltr'><strong>tem</strong></span> <span class='ocrx_word' id='word_1_69' title='bbox 231 3751 330 3836; x_wconf 78' lang='lat' dir='ltr'><strong>buius</strong></span> <span class='ocrx_word' id='word_1_70' title='bbox 342 3754 529 3838; x_wconf 65' lang='lat' dir='ltr'><strong>versionis*</strong></span> <span class='ocrx_word' id='word_1_71' title='bbox 541 3774 601 3823; x_wconf 88' lang='lat' dir='ltr'><strong>eeu</strong></span> <span class='ocrx_word' id='word_1_72' title='bbox 618 3759 839 3842; x_wconf 83' lang='lat' dir='ltr'><strong>prodromum</strong></span> <span class='ocrx_word' id='word_1_73' title='bbox 855 3761 973 3830; x_wconf 80' lang='lat' dir='ltr'><strong>editio</strong></span> 
     </span>
     <span class='ocr_line' id='line_1_15' title="bbox 144 3884 989 3964; baseline 0.014 -13"><span class='ocrx_word' id='word_1_74' title='bbox 144 3884 198 3952; x_wconf 91' lang='lat' dir='ltr'><strong>nis</strong></span> <span class='ocrx_word' id='word_1_75' title='bbox 221 3887 325 3954; x_wconf 92' lang='lat' dir='ltr'><strong>totius</strong></span> <span class='ocrx_word' id='word_1_76' title='bbox 350 3889 468 3957; x_wconf 88' lang='lat' dir='ltr'><strong>saltem</strong></span> <span class='ocrx_word' id='word_1_77' title='bbox 497 3891 629 3960; x_wconf 87' lang='lat' dir='ltr'><strong>Codicis</strong></span> <span class='ocrx_word' id='word_1_78' title='bbox 654 3893 892 3964; x_wconf 73' lang='lat' dir='ltr'><strong>imbrosianae</strong></span> <span class='ocrx_word' id='word_1_79' title='bbox 916 3886 989 3963; x_wconf 82' lang='lat' dir='ltr'><strong>Bi-&#39;</strong></span> 
     </span>
     <span class='ocr_line' id='line_1_16' title="bbox 144 4017 973 4116; baseline 0.018 -32"><span class='ocrx_word' id='word_1_80' title='bbox 144 4017 333 4088; x_wconf 87' lang='lat' dir='ltr'><strong>bliotbecae</strong></span> <span class='ocrx_word' id='word_1_81' title='bbox 349 4022 405 4106; x_wconf 84' lang='lat' dir='ltr'><strong>qui</strong></span> <span class='ocrx_word' id='word_1_82' title='bbox 420 4041 573 4108; x_wconf 80' lang='lat' dir='ltr'><strong>magnam</strong></span> <span class='ocrx_word' id='word_1_83' title='bbox 590 4027 662 4111; x_wconf 82' lang='lat' dir='ltr'><strong>ejus</strong></span> <span class='ocrx_word' id='word_1_84' title='bbox 679 4035 807 4113; x_wconf 88' lang='lat' dir='ltr'><strong>partem</strong></span> <span class='ocrx_word' id='word_1_85' title='bbox 828 4032 973 4116; x_wconf 88' lang='lat' dir='ltr'><strong>eomple-</strong></span> 
     </span>
     <span class='ocr_line' id='line_1_17' title="bbox 145 4155 972 4248; baseline 0.017 -28"><span class='ocrx_word' id='word_1_86' title='bbox 145 4155 266 4237; x_wconf 86' lang='lat' dir='ltr'><strong>etitur,</strong></span> <span class='ocrx_word' id='word_1_87' title='bbox 295 4165 523 4243; x_wconf 90' lang='lat' dir='ltr'><strong>opportunum</strong></span> <span class='ocrx_word' id='word_1_88' title='bbox 548 4161 653 4230; x_wconf 86' lang='lat' dir='ltr'><strong>visum</strong></span> <span class='ocrx_word' id='word_1_89' title='bbox 682 4170 733 4230; x_wconf 88' lang='lat' dir='ltr'><strong>est</strong></span> <span class='ocrx_word' id='word_1_90' title='bbox 761 4164 902 4248; x_wconf 79' lang='lat' dir='ltr'><strong>praefari</strong></span> <span class='ocrx_word' id='word_1_91' title='bbox 930 4165 972 4234; x_wconf 91' lang='lat' dir='ltr'><strong>de</strong></span> 
     </span>
     <span class='ocr_line' id='line_1_18' title="bbox 145 4289 973 4381; baseline 0.018 -27"><span class='ocrx_word' id='word_1_92' title='bbox 145 4289 219 4372; x_wconf 82' lang='lat' dir='ltr'><strong>ejus</strong></span> <span class='ocrx_word' id='word_1_93' title='bbox 244 4291 382 4375; x_wconf 80' lang='lat' dir='ltr'><strong>origine,</strong></span> <span class='ocrx_word' id='word_1_94' title='bbox 406 4295 597 4366; x_wconf 86' lang='lat' dir='ltr'><strong>conditione</strong></span> <span class='ocrx_word' id='word_1_95' title='bbox 621 4305 655 4364; x_wconf 90' lang='lat' dir='ltr'><strong>et</strong></span> <span class='ocrx_word' id='word_1_96' title='bbox 670 4297 759 4381; x_wconf 86' lang='lat' dir='ltr'><strong>tatis,</strong></span> <span class='ocrx_word' id='word_1_97' title='bbox 784 4299 973 4370; x_wconf 84' lang='lat' dir='ltr'><strong>describere</strong></span> 
     </span>
     <span class='ocr_line' id='line_1_19' title="bbox 146 4423 972 4518; baseline 0.018 -30"><span class='ocrx_word' id='word_1_98' title='bbox 146 4423 300 4507; x_wconf 85' lang='lat' dir='ltr'><strong>Codices,</strong></span> <span class='ocrx_word' id='word_1_99' title='bbox 316 4427 350 4494; x_wconf 91' lang='lat' dir='ltr'><strong>in</strong></span> <span class='ocrx_word' id='word_1_100' title='bbox 367 4429 487 4514; x_wconf 85' lang='lat' dir='ltr'><strong>quibus</strong></span> <span class='ocrx_word' id='word_1_101' title='bbox 503 4438 614 4516; x_wconf 89' lang='lat' dir='ltr'><strong>partes</strong></span> <span class='ocrx_word' id='word_1_102' title='bbox 630 4433 702 4517; x_wconf 84' lang='lat' dir='ltr'><strong>ejus</strong></span> <span class='ocrx_word' id='word_1_103' title='bbox 719 4441 902 4518; x_wconf 80' lang='lat' dir='ltr'><strong>serrantur,</strong></span> <span class='ocrx_word' id='word_1_104' title='bbox 919 4452 972 4503; x_wconf 90' lang='lat' dir='ltr'><strong>re-</strong></span> 
     </span>
     <span class='ocr_line' id='line_1_20' title="bbox 146 4561 973 4655; baseline 0.018 -30"><span class='ocrx_word' id='word_1_105' title='bbox 146 4577 285 4628; x_wconf 88' lang='lat' dir='ltr'><strong>censere</strong></span> <span class='ocrx_word' id='word_1_106' title='bbox 310 4561 474 4634; x_wconf 89' lang='lat' dir='ltr'><strong>editiones</strong></span> <span class='ocrx_word' id='word_1_107' title='bbox 499 4567 644 4651; x_wconf 90' lang='lat' dir='ltr'><strong>partium</strong></span> <span class='ocrx_word' id='word_1_108' title='bbox 656 4569 725 4655; x_wconf 87' lang='lat' dir='ltr'><strong>jam</strong></span> <span class='ocrx_word' id='word_1_109' title='bbox 740 4570 853 4654; x_wconf 85' lang='lat' dir='ltr'><strong>tactas,</strong></span> <span class='ocrx_word' id='word_1_110' title='bbox 870 4589 973 4640; x_wconf 81' lang='lat' dir='ltr'><strong>novae</strong></span> 
     </span>
     <span class='ocr_line' id='line_1_21' title="bbox 146 4697 971 4786; baseline 0.015 -24"><span class='ocrx_word' id='word_1_111' title='bbox 146 4697 302 4778; x_wconf 88' lang='lat' dir='ltr'><strong>demum,</strong></span> <span class='ocrx_word' id='word_1_112' title='bbox 319 4716 418 4782; x_wconf 84' lang='lat' dir='ltr'><strong>quarn</strong></span> <span class='ocrx_word' id='word_1_113' title='bbox 429 4701 500 4784; x_wconf 88' lang='lat' dir='ltr'><strong>ipse</strong></span> <span class='ocrx_word' id='word_1_114' title='bbox 512 4719 605 4786; x_wconf 90' lang='lat' dir='ltr'><strong>paro,</strong></span> <span class='ocrx_word' id='word_1_115' title='bbox 618 4703 781 4772; x_wconf 87' lang='lat' dir='ltr'><strong>rationem</strong></span> <span class='ocrx_word' id='word_1_116' title='bbox 793 4705 971 4775; x_wconf 87' lang='lat' dir='ltr'><strong>declarare.</strong></span> 
     </span>
     <span class='ocr_line' id='line_1_22' title="bbox 143 4836 972 4930; baseline 0.011 -28"><span class='ocrx_word' id='word_1_117' title='bbox 143 4839 192 4903; x_wconf 81' lang='lat' dir='ltr'><strong>Er</strong></span> <span class='ocrx_word' id='word_1_118' title='bbox 216 4836 387 4906; x_wconf 75' lang='lat' dir='ltr'><strong>t&#39;ersionis</strong></span> <span class='ocrx_word' id='word_1_119' title='bbox 409 4839 498 4908; x_wconf 87' lang='lat' dir='ltr'><strong>enirn</strong></span> <span class='ocrx_word' id='word_1_120' title='bbox 516 4840 626 4908; x_wconf 92' lang='lat' dir='ltr'><strong>indole</strong></span> <span class='ocrx_word' id='word_1_121' title='bbox 644 4849 742 4928; x_wconf 88' lang='lat' dir='ltr'><strong>atque</strong></span> <span class='ocrx_word' id='word_1_122' title='bbox 758 4842 894 4911; x_wconf 90' lang='lat' dir='ltr'><strong>historia</strong></span> <span class='ocrx_word' id='word_1_123' title='bbox 915 4863 972 4930; x_wconf 93' lang='lat' dir='ltr'><strong>pa-</strong></span> 
     </span>
     <span class='ocr_line' id='line_1_23' title="bbox 143 4971 968 5060; baseline 0.006 -21"><span class='ocrx_word' id='word_1_124' title='bbox 143 4971 260 5039; x_wconf 83' lang='lat' dir='ltr'><strong>tefient</strong></span> <span class='ocrx_word' id='word_1_125' title='bbox 283 4973 434 5058; x_wconf 82' lang='lat' dir='ltr'><strong>ejusdem</strong></span> <span class='ocrx_word' id='word_1_126' title='bbox 457 4977 660 5060; x_wconf 86' lang='lat' dir='ltr'><strong>praestantia</strong></span> <span class='ocrx_word' id='word_1_127' title='bbox 684 4995 722 5044; x_wconf 87' lang='lat' dir='ltr'><strong>ac</strong></span> <span class='ocrx_word' id='word_1_128' title='bbox 746 4977 919 5044; x_wconf 88' lang='lat' dir='ltr'><strong>commoda</strong></span> <span class='ocrx_word' id='word_1_129' title='bbox 936 4979 968 5045; x_wconf 93' lang='lat' dir='ltr'><strong>in</strong></span> 
     </span>
     <span class='ocr_line' id='line_1_24' title="bbox 144 5077 970 5194; baseline 0.002 -20"><span class='ocrx_word' id='word_1_130' title='bbox 144 5123 217 5174; x_wconf 89' lang='lat' dir='ltr'><strong>rem</strong></span> <span class='ocrx_word' id='word_1_131' title='bbox 233 5107 402 5188; x_wconf 83' lang='lat' dir='ltr'><strong>biblicam,</strong></span> <span class='ocrx_word' id='word_1_132' title='bbox 424 5077 465 5176; x_wconf 72' lang='lat' dir='ltr'><strong>en</strong></span> <span class='ocrx_word' id='word_1_133' title='bbox 483 5109 642 5178; x_wconf 86' lang='lat' dir='ltr'><strong>Codicum</strong></span> <span class='ocrx_word' id='word_1_134' title='bbox 658 5109 809 5178; x_wconf 84' lang='lat' dir='ltr'><strong>examine</strong></span> <span class='ocrx_word' id='word_1_135' title='bbox 834 5109 913 5194; x_wconf 83' lang='lat' dir='ltr'><strong>quid</strong></span> <span class='ocrx_word' id='word_1_136' title='bbox 936 5117 970 5176; x_wconf 96' lang='lat' dir='ltr'><strong>et</strong></span> 
     </span>
     <span class='ocr_line' id='line_1_25' title="bbox 144 5243 968 5330; baseline 0.002 -24"><span class='ocrx_word' id='word_1_137' title='bbox 144 5249 266 5328; x_wconf 77' lang='lat' dir='ltr'><strong>quanta</strong></span> <span class='ocrx_word' id='word_1_138' title='bbox 298 5243 436 5312; x_wconf 86' lang='lat' dir='ltr'><strong>veritate</strong></span> <span class='ocrx_word' id='word_1_139' title='bbox 459 5243 501 5312; x_wconf 83' lang='lat' dir='ltr'><strong>ad</strong></span> <span class='ocrx_word' id='word_1_140' title='bbox 533 5261 594 5311; x_wconf 93' lang='lat' dir='ltr'><strong>nos</strong></span> <span class='ocrx_word' id='word_1_141' title='bbox 627 5259 732 5330; x_wconf 87' lang='lat' dir='ltr'><strong>usque</strong></span> <span class='ocrx_word' id='word_1_142' title='bbox 763 5243 968 5328; x_wconf 79' lang='lat' dir='ltr'><strong>pervenerit,</strong></span> 
     </span>
     <span class='ocr_line' id='line_1_26' title="bbox 124 5373 988 5466; baseline 0.007 -26"><span class='ocrx_word' id='word_1_143' title='bbox 124 5397 187 5444; x_wconf 79' lang='lat' dir='ltr'><strong>,ex</strong></span> <span class='ocrx_word' id='word_1_144' title='bbox 211 5377 396 5447; x_wconf 84' lang='lat' dir='ltr'><strong>editionum</strong></span> <span class='ocrx_word' id='word_1_145' title='bbox 419 5379 497 5448; x_wconf 88' lang='lat' dir='ltr'><strong>crisi</strong></span> <span class='ocrx_word' id='word_1_146' title='bbox 520 5373 584 5466; x_wconf 86' lang='lat' dir='ltr'><strong>qua&#39;</strong></span> <span class='ocrx_word' id='word_1_147' title='bbox 608 5379 673 5448; x_wconf 86' lang='lat' dir='ltr'><strong>tide</strong></span> <span class='ocrx_word' id='word_1_148' title='bbox 694 5379 801 5448; x_wconf 92' lang='lat' dir='ltr'><strong>doctis</strong></span> <span class='ocrx_word' id='word_1_149' title='bbox 818 5385 988 5466; x_wconf 62' lang='lat' dir='ltr'><strong>prostent¹</strong></span> 
     </span>
    </p>
   </div>
   <div class='ocr_carea' id='block_1_9' title="bbox 148 5514 972 5600">
    <p class='ocr_par' dir='ltr' id='par_1_9' title="bbox 148 5514 972 5600">
     <span class='ocr_line' id='line_1_27' title="bbox 148 5514 972 5600; baseline 0.005 -22"><span class='ocrx_word' id='word_1_150' title='bbox 148 5521 259 5596; x_wconf 83' lang='lat' dir='ltr'><strong>partes</strong></span> <span class='ocrx_word' id='word_1_151' title='bbox 279 5514 347 5600; x_wconf 81' lang='lat' dir='ltr'><strong>jam</strong></span> <span class='ocrx_word' id='word_1_152' title='bbox 364 5514 397 5581; x_wconf 93' lang='lat' dir='ltr'><strong>in</strong></span> <span class='ocrx_word' id='word_1_153' title='bbox 421 5533 520 5586; x_wconf 90' lang='lat' dir='ltr'><strong>usum</strong></span> <span class='ocrx_word' id='word_1_154' title='bbox 543 5531 754 5584; x_wconf 86' lang='lat' dir='ltr'><strong>communem</strong></span> <span class='ocrx_word' id='word_1_155' title='bbox 777 5516 926 5600; x_wconf 83' lang='lat' dir='ltr'><strong>collatae,</strong></span> <span class='ocrx_word' id='word_1_156' title='bbox 938 5522 972 5584; x_wconf 88' lang='lat' dir='ltr'><strong>et</strong></span> 
     </span>
    </p>
   </div>
   <div class='ocr_carea' id='block_1_10' title="bbox 1059 2676 1893 5580">
    <p class='ocr_par' dir='ltr' id='par_1_10' title="bbox 1059 2676 1893 5580">
     <span class='ocr_line' id='line_1_28' title="bbox 1064 2676 1891 2766; baseline 0 -18"><span class='ocrx_word' id='word_1_157' title='bbox 1064 2697 1143 2748; x_wconf 94' lang='lat' dir='ltr'><strong>num</strong></span> <span class='ocrx_word' id='word_1_158' title='bbox 1156 2679 1236 2747; x_wconf 87' lang='lat' dir='ltr'><strong>utile</strong></span> <span class='ocrx_word' id='word_1_159' title='bbox 1254 2679 1296 2746; x_wconf 91' lang='lat' dir='ltr'><strong>sit</strong></span> <span class='ocrx_word' id='word_1_160' title='bbox 1314 2677 1406 2744; x_wconf 83' lang='lat' dir='ltr'><strong>noris</strong></span> <span class='ocrx_word' id='word_1_161' title='bbox 1424 2676 1512 2743; x_wconf 92' lang='lat' dir='ltr'><strong>curis</strong></span> <span class='ocrx_word' id='word_1_162' title='bbox 1529 2695 1585 2745; x_wconf 87' lang='lat' dir='ltr'><strong>eas</strong></span> <span class='ocrx_word' id='word_1_163' title='bbox 1603 2679 1778 2764; x_wconf 74' lang='lat' dir='ltr'><strong>subiicere,</strong></span> <span class='ocrx_word' id='word_1_164' title='bbox 1792 2687 1891 2766; x_wconf 77' lang='lat' dir='ltr'><strong>atque</strong></span> 
     </span>
     <span class='ocr_line' id='line_1_29' title="bbox 1063 2809 1893 2898; baseline -0.001 -17"><span class='ocrx_word' id='word_1_165' title='bbox 1063 2833 1102 2882; x_wconf 85' lang='lat' dir='ltr'><strong>en</strong></span> <span class='ocrx_word' id='word_1_166' title='bbox 1120 2813 1231 2898; x_wconf 79' lang='lat' dir='ltr'><strong>legum</strong></span> <span class='ocrx_word' id='word_1_167' title='bbox 1255 2810 1476 2896; x_wconf 78' lang='lat' dir='ltr'><strong>expositione,</strong></span> <span class='ocrx_word' id='word_1_168' title='bbox 1494 2809 1614 2895; x_wconf 82' lang='lat' dir='ltr'><strong>quibus</strong></span> <span class='ocrx_word' id='word_1_169' title='bbox 1640 2829 1713 2880; x_wconf 88' lang='lat' dir='ltr'><strong>mea</strong></span> <span class='ocrx_word' id='word_1_170' title='bbox 1730 2812 1893 2898; x_wconf 82' lang='lat' dir='ltr'><strong>dirigetur</strong></span> 
     </span>
     <span class='ocr_line' id='line_1_30' title="bbox 1063 2945 1891 3032; baseline 0.001 -16"><span class='ocrx_word' id='word_1_171' title='bbox 1063 2964 1164 3032; x_wconf 88' lang='lat' dir='ltr'><strong>opera</strong></span> <span class='ocrx_word' id='word_1_172' title='bbox 1180 2952 1214 3013; x_wconf 92' lang='lat' dir='ltr'><strong>et</strong></span> <span class='ocrx_word' id='word_1_173' title='bbox 1230 2945 1341 3032; x_wconf 86' lang='lat' dir='ltr'><strong>quoad</strong></span> <span class='ocrx_word' id='word_1_174' title='bbox 1357 2951 1485 3013; x_wconf 81' lang='lat' dir='ltr'><strong>textum</strong></span> <span class='ocrx_word' id='word_1_175' title='bbox 1502 2953 1535 3012; x_wconf 93' lang='lat' dir='ltr'><strong>et</strong></span> <span class='ocrx_word' id='word_1_176' title='bbox 1552 2947 1661 3030; x_wconf 82' lang='lat' dir='ltr'><strong>quoad</strong></span> <span class='ocrx_word' id='word_1_177' title='bbox 1678 2955 1785 3031; x_wconf 91' lang='lat' dir='ltr'><strong>notas,</strong></span> <span class='ocrx_word' id='word_1_178' title='bbox 1801 2949 1891 3017; x_wconf 89' lang='lat' dir='ltr'><strong>docti</strong></span> 
     </span>
     <span class='ocr_line' id='line_1_31' title="bbox 1062 3079 1890 3168; baseline -0.002 -18"><span class='ocrx_word' id='word_1_179' title='bbox 1062 3083 1104 3150; x_wconf 88' lang='lat' dir='ltr'><strong>de</strong></span> <span class='ocrx_word' id='word_1_180' title='bbox 1128 3081 1244 3150; x_wconf 92' lang='lat' dir='ltr'><strong>eadem</strong></span> <span class='ocrx_word' id='word_1_181' title='bbox 1265 3079 1414 3167; x_wconf 87' lang='lat' dir='ltr'><strong>judicare</strong></span> <span class='ocrx_word' id='word_1_182' title='bbox 1446 3085 1615 3164; x_wconf 89' lang='lat' dir='ltr'><strong>potemnt.</strong></span> <span class='ocrx_word' id='word_1_183' title='bbox 1642 3083 1732 3161; x_wconf 89' lang='lat' dir='ltr'><strong>Quae</strong></span> <span class='ocrx_word' id='word_1_184' title='bbox 1756 3081 1890 3168; x_wconf 76' lang='lat' dir='ltr'><strong>miden</strong></span> 
     </span>
     <span class='ocr_line' id='line_1_32' title="bbox 1065 3215 1889 3302; baseline -0.002 -16"><span class='ocrx_word' id='word_1_185' title='bbox 1065 3218 1174 3286; x_wconf 89' lang='lat' dir='ltr'><strong>omnia</strong></span> <span class='ocrx_word' id='word_1_186' title='bbox 1196 3225 1337 3285; x_wconf 88' lang='lat' dir='ltr'><strong>tractare</strong></span> <span class='ocrx_word' id='word_1_187' title='bbox 1361 3215 1585 3282; x_wconf 88' lang='lat' dir='ltr'><strong>necessarium</strong></span> <span class='ocrx_word' id='word_1_188' title='bbox 1610 3215 1659 3282; x_wconf 85' lang='lat' dir='ltr'><strong>vei</strong></span> <span class='ocrx_word' id='word_1_189' title='bbox 1684 3217 1765 3284; x_wconf 93' lang='lat' dir='ltr'><strong>utile</strong></span> <span class='ocrx_word' id='word_1_190' title='bbox 1789 3223 1889 3302; x_wconf 90' lang='lat' dir='ltr'><strong>puto,</strong></span> 
     </span>
     <span class='ocr_line' id='line_1_33' title="bbox 1064 3349 1890 3436; baseline 0.002 -18"><span class='ocrx_word' id='word_1_191' title='bbox 1064 3357 1101 3419; x_wconf 93' lang='lat' dir='ltr'><strong>ut</strong></span> <span class='ocrx_word' id='word_1_192' title='bbox 1123 3349 1251 3418; x_wconf 75' lang='lat' dir='ltr'><strong>facilior</strong></span> <span class='ocrx_word' id='word_1_193' title='bbox 1267 3350 1310 3418; x_wconf 91' lang='lat' dir='ltr'><strong>sit</strong></span> <span class='ocrx_word' id='word_1_194' title='bbox 1333 3349 1433 3436; x_wconf 86' lang='lat' dir='ltr'><strong>hujus</strong></span> <span class='ocrx_word' id='word_1_195' title='bbox 1458 3349 1627 3418; x_wconf 76' lang='lat' dir='ltr'><strong>versionis</strong></span> <span class='ocrx_word' id='word_1_196' title='bbox 1654 3371 1734 3420; x_wconf 94' lang='lat' dir='ltr'><strong>usus</strong></span> <span class='ocrx_word' id='word_1_197' title='bbox 1759 3353 1792 3420; x_wconf 91' lang='lat' dir='ltr'><strong>in</strong></span> <span class='ocrx_word' id='word_1_198' title='bbox 1818 3369 1890 3420; x_wconf 94' lang='lat' dir='ltr'><strong>rem</strong></span> 
     </span>
     <span class='ocr_line' id='line_1_34' title="bbox 1064 3459 1886 3572; baseline -0.005 -16"><span class='ocrx_word' id='word_1_199' title='bbox 1064 3459 1228 3568; x_wconf 83' lang='lat' dir='ltr'><strong>criticam,</strong></span> <span class='ocrx_word' id='word_1_200' title='bbox 1258 3493 1292 3552; x_wconf 90' lang='lat' dir='ltr'><strong>et</strong></span> <span class='ocrx_word' id='word_1_201' title='bbox 1319 3487 1462 3571; x_wconf 81' lang='lat' dir='ltr'><strong>majores</strong></span> <span class='ocrx_word' id='word_1_202' title='bbox 1490 3484 1618 3552; x_wconf 83' lang='lat' dir='ltr'><strong>tructus</strong></span> <span class='ocrx_word' id='word_1_203' title='bbox 1652 3487 1886 3572; x_wconf 89' lang='lat' dir='ltr'><strong>percipiantur.</strong></span> 
     </span>
     <span class='ocr_line' id='line_1_35' title="bbox 1064 3617 1886 3706; baseline -0.006 -17"><span class='ocrx_word' id='word_1_204' title='bbox 1064 3623 1214 3706; x_wconf 80' lang='lat' dir='ltr'><strong>Aequum</strong></span> <span class='ocrx_word' id='word_1_205' title='bbox 1230 3628 1340 3688; x_wconf 92' lang='lat' dir='ltr'><strong>tamen</strong></span> <span class='ocrx_word' id='word_1_206' title='bbox 1357 3625 1409 3687; x_wconf 91' lang='lat' dir='ltr'><strong>est</strong></span> <span class='ocrx_word' id='word_1_207' title='bbox 1431 3635 1583 3700; x_wconf 91' lang='lat' dir='ltr'><strong>monere,</strong></span> <span class='ocrx_word' id='word_1_208' title='bbox 1608 3635 1660 3684; x_wconf 90' lang='lat' dir='ltr'><strong>me</strong></span> <span class='ocrx_word' id='word_1_209' title='bbox 1677 3636 1744 3686; x_wconf 90' lang='lat' dir='ltr'><strong>non</strong></span> <span class='ocrx_word' id='word_1_210' title='bbox 1765 3617 1886 3698; x_wconf 90' lang='lat' dir='ltr'><strong>omnia,</strong></span> 
     </span>
     <span class='ocr_line' id='line_1_36' title="bbox 1064 3729 1888 3842; baseline -0.005 -18"><span class='ocrx_word' id='word_1_211' title='bbox 1064 3729 1146 3842; x_wconf 80' lang='lat' dir='ltr'><strong>quae</strong></span> <span class='ocrx_word' id='word_1_212' title='bbox 1159 3755 1200 3824; x_wconf 93' lang='lat' dir='ltr'><strong>ad</strong></span> <span class='ocrx_word' id='word_1_213' title='bbox 1212 3773 1349 3824; x_wconf 81' lang='lat' dir='ltr'><strong>eramen</strong></span> <span class='ocrx_word' id='word_1_214' title='bbox 1360 3753 1519 3822; x_wconf 85' lang='lat' dir='ltr'><strong>Codicum</strong></span> <span class='ocrx_word' id='word_1_215' title='bbox 1532 3761 1566 3822; x_wconf 93' lang='lat' dir='ltr'><strong>et</strong></span> <span class='ocrx_word' id='word_1_216' title='bbox 1574 3753 1735 3839; x_wconf 74' lang='lat' dir='ltr'><strong>iudicium</strong></span> <span class='ocrx_word' id='word_1_217' title='bbox 1744 3753 1888 3838; x_wconf 92' lang='lat' dir='ltr'><strong>partium</strong></span> 
     </span>
     <span class='ocr_line' id='line_1_37' title="bbox 1064 3887 1890 3978; baseline -0.007 -18"><span class='ocrx_word' id='word_1_218' title='bbox 1064 3909 1104 3960; x_wconf 81' lang='lat' dir='ltr'><strong>ex</strong></span> <span class='ocrx_word' id='word_1_219' title='bbox 1116 3891 1203 3974; x_wconf 90' lang='lat' dir='ltr'><strong>aliis,</strong></span> <span class='ocrx_word' id='word_1_220' title='bbox 1216 3909 1315 3978; x_wconf 84' lang='lat' dir='ltr'><strong>quam</strong></span> <span class='ocrx_word' id='word_1_221' title='bbox 1328 3909 1369 3958; x_wconf 84' lang='lat' dir='ltr'><strong>er</strong></span> <span class='ocrx_word' id='word_1_222' title='bbox 1381 3889 1600 3958; x_wconf 77' lang='lat' dir='ltr'><strong>Ambrosiano</strong></span> <span class='ocrx_word' id='word_1_223' title='bbox 1616 3887 1808 3975; x_wconf 83' lang='lat' dir='ltr'><strong>exemplari,</strong></span> <span class='ocrx_word' id='word_1_224' title='bbox 1820 3889 1890 3955; x_wconf 87' lang='lat' dir='ltr'><strong>rut-</strong></span> 
     </span>
     <span class='ocr_line' id='line_1_38' title="bbox 1064 4025 1887 4112; baseline -0.001 -19"><span class='ocrx_word' id='word_1_225' title='bbox 1064 4033 1213 4112; x_wconf 81' lang='lat' dir='ltr'><strong>gatarum</strong></span> <span class='ocrx_word' id='word_1_226' title='bbox 1240 4027 1395 4111; x_wconf 88' lang='lat' dir='ltr'><strong>attinent,</strong></span> <span class='ocrx_word' id='word_1_227' title='bbox 1417 4043 1505 4094; x_wconf 92' lang='lat' dir='ltr'><strong>nunc</strong></span> <span class='ocrx_word' id='word_1_228' title='bbox 1519 4027 1617 4112; x_wconf 87' lang='lat' dir='ltr'><strong>piena</strong></span> <span class='ocrx_word' id='word_1_229' title='bbox 1633 4045 1671 4094; x_wconf 92' lang='lat' dir='ltr'><strong>ac</strong></span> <span class='ocrx_word' id='word_1_230' title='bbox 1687 4037 1801 4094; x_wconf 78' lang='lat' dir='ltr'><strong>serere</strong></span> <span class='ocrx_word' id='word_1_231' title='bbox 1818 4025 1887 4092; x_wconf 93' lang='lat' dir='ltr'><strong>dis-</strong></span> 
     </span>
     <span class='ocr_line' id='line_1_39' title="bbox 1064 4159 1888 4247; baseline -0.002 -19"><span class='ocrx_word' id='word_1_232' title='bbox 1064 4159 1243 4247; x_wconf 85' lang='lat' dir='ltr'><strong>quisitione</strong></span> <span class='ocrx_word' id='word_1_233' title='bbox 1260 4166 1487 4243; x_wconf 88' lang='lat' dir='ltr'><strong>tractaturum,</strong></span> <span class='ocrx_word' id='word_1_234' title='bbox 1505 4179 1581 4228; x_wconf 90' lang='lat' dir='ltr'><strong>cum</strong></span> <span class='ocrx_word' id='word_1_235' title='bbox 1597 4167 1730 4228; x_wconf 83' lang='lat' dir='ltr'><strong>exteros</strong></span> <span class='ocrx_word' id='word_1_236' title='bbox 1748 4159 1888 4230; x_wconf 85' lang='lat' dir='ltr'><strong>Codices</strong></span> 
     </span>
     <span class='ocr_line' id='line_1_40' title="bbox 1065 4293 1889 4400; baseline -0.002 -38"><span class='ocrx_word' id='word_1_237' title='bbox 1065 4294 1105 4362; x_wconf 88' lang='lat' dir='ltr'><strong>ad</strong></span> <span class='ocrx_word' id='word_1_238' title='bbox 1121 4311 1240 4362; x_wconf 92' lang='lat' dir='ltr'><strong>manus</strong></span> <span class='ocrx_word' id='word_1_239' title='bbox 1263 4311 1330 4362; x_wconf 91' lang='lat' dir='ltr'><strong>non</strong></span> <span class='ocrx_word' id='word_1_240' title='bbox 1355 4293 1538 4377; x_wconf 88' lang='lat' dir='ltr'><strong>habuerim,</strong></span> <span class='ocrx_word' id='word_1_241' title='bbox 1563 4294 1640 4400; x_wconf 85' lang='lat' dir='ltr'><strong>iicet</strong></span> <span class='ocrx_word' id='word_1_242' title='bbox 1656 4293 1814 4362; x_wconf 86' lang='lat' dir='ltr'><strong>nonnulla</strong></span> <span class='ocrx_word' id='word_1_243' title='bbox 1832 4311 1889 4360; x_wconf 88' lang='lat' dir='ltr'><strong>au-</strong></span> 
     </span>
     <span class='ocr_line' id='line_1_41' title="bbox 1065 4429 1885 4518; baseline 0 -20"><span class='ocrx_word' id='word_1_244' title='bbox 1065 4429 1141 4498; x_wconf 82' lang='lat' dir='ltr'><strong>xilia</strong></span> <span class='ocrx_word' id='word_1_245' title='bbox 1161 4430 1272 4516; x_wconf 87' lang='lat' dir='ltr'><strong>quoad</strong></span> <span class='ocrx_word' id='word_1_246' title='bbox 1288 4447 1346 4498; x_wconf 90' lang='lat' dir='ltr'><strong>eos</strong></span> <span class='ocrx_word' id='word_1_247' title='bbox 1375 4449 1508 4518; x_wconf 88' lang='lat' dir='ltr'><strong>quoque</strong></span> <span class='ocrx_word' id='word_1_248' title='bbox 1534 4439 1668 4517; x_wconf 88' lang='lat' dir='ltr'><strong>praesto</strong></span> <span class='ocrx_word' id='word_1_249' title='bbox 1692 4431 1773 4498; x_wconf 91' lang='lat' dir='ltr'><strong>mibi</strong></span> <span class='ocrx_word' id='word_1_250' title='bbox 1798 4433 1885 4512; x_wconf 89' lang='lat' dir='ltr'><strong>sint;</strong></span> 
     </span>
     <span class='ocr_line' id='line_1_42' title="bbox 1065 4567 1886 4654; baseline 0.001 -20"><span class='ocrx_word' id='word_1_251' title='bbox 1065 4583 1208 4652; x_wconf 89' lang='lat' dir='ltr'><strong>quorum</strong></span> <span class='ocrx_word' id='word_1_252' title='bbox 1226 4567 1300 4636; x_wconf 93' lang='lat' dir='ltr'><strong>ideo</strong></span> <span class='ocrx_word' id='word_1_253' title='bbox 1318 4585 1428 4636; x_wconf 86' lang='lat' dir='ltr'><strong>sermo</strong></span> <span class='ocrx_word' id='word_1_254' title='bbox 1445 4567 1486 4638; x_wconf 90' lang='lat' dir='ltr'><strong>ad</strong></span> <span class='ocrx_word' id='word_1_255' title='bbox 1503 4586 1653 4637; x_wconf 90' lang='lat' dir='ltr'><strong>normam</strong></span> <span class='ocrx_word' id='word_1_256' title='bbox 1670 4568 1769 4650; x_wconf 90' lang='lat' dir='ltr'><strong>illius,</strong></span> <span class='ocrx_word' id='word_1_257' title='bbox 1787 4584 1886 4654; x_wconf 77' lang='lat' dir='ltr'><strong>mrem</strong></span> 
     </span>
     <span class='ocr_line' id='line_1_43' title="bbox 1065 4701 1885 4782; baseline 0 -14"><span class='ocrx_word' id='word_1_258' title='bbox 1065 4701 1105 4768; x_wconf 93' lang='lat' dir='ltr'><strong>de</strong></span> <span class='ocrx_word' id='word_1_259' title='bbox 1130 4701 1251 4768; x_wconf 85' lang='lat' dir='ltr'><strong>Codice</strong></span> <span class='ocrx_word' id='word_1_260' title='bbox 1282 4701 1502 4770; x_wconf 82' lang='lat' dir='ltr'><strong>Ambrosiano</strong></span> <span class='ocrx_word' id='word_1_261' title='bbox 1531 4701 1685 4782; x_wconf 92' lang='lat' dir='ltr'><strong>instituo,</strong></span> <span class='ocrx_word' id='word_1_262' title='bbox 1717 4709 1796 4768; x_wconf 90' lang='lat' dir='ltr'><strong>tunc</strong></span> <span class='ocrx_word' id='word_1_263' title='bbox 1825 4718 1885 4768; x_wconf 90' lang='lat' dir='ltr'><strong>ne-</strong></span> 
     </span>
     <span class='ocr_line' id='line_1_44' title="bbox 1063 4837 1885 4922; baseline -0.002 -14"><span class='ocrx_word' id='word_1_264' title='bbox 1063 4838 1207 4908; x_wconf 85' lang='lat' dir='ltr'><strong>cessario</strong></span> <span class='ocrx_word' id='word_1_265' title='bbox 1223 4845 1257 4908; x_wconf 89' lang='lat' dir='ltr'><strong>et</strong></span> <span class='ocrx_word' id='word_1_266' title='bbox 1281 4839 1455 4908; x_wconf 91' lang='lat' dir='ltr'><strong>commode</strong></span> <span class='ocrx_word' id='word_1_267' title='bbox 1471 4837 1605 4922; x_wconf 89' lang='lat' dir='ltr'><strong>incidet,</strong></span> <span class='ocrx_word' id='word_1_268' title='bbox 1622 4855 1709 4922; x_wconf 87' lang='lat' dir='ltr'><strong>eum,</strong></span> <span class='ocrx_word' id='word_1_269' title='bbox 1734 4837 1793 4906; x_wconf 90' lang='lat' dir='ltr'><strong>sia</strong></span> <span class='ocrx_word' id='word_1_270' title='bbox 1814 4839 1885 4906; x_wconf 87' lang='lat' dir='ltr'><strong>beo</strong></span> 
     </span>
     <span class='ocr_line' id='line_1_45' title="bbox 1061 4973 1885 5060; baseline -0.005 -18"><span class='ocrx_word' id='word_1_271' title='bbox 1061 4989 1258 5042; x_wconf 87' lang='lat' dir='ltr'><strong>eoncessum</strong></span> <span class='ocrx_word' id='word_1_272' title='bbox 1281 4973 1395 5056; x_wconf 88' lang='lat' dir='ltr'><strong>tuerit,</strong></span> <span class='ocrx_word' id='word_1_273' title='bbox 1420 4973 1495 5042; x_wconf 82' lang='lat' dir='ltr'><strong>ilios</strong></span> <span class='ocrx_word' id='word_1_274' title='bbox 1520 4989 1653 5060; x_wconf 82' lang='lat' dir='ltr'><strong>quoque</strong></span> <span class='ocrx_word' id='word_1_275' title='bbox 1677 4973 1749 5059; x_wconf 91' lang='lat' dir='ltr'><strong>ipse</strong></span> <span class='ocrx_word' id='word_1_276' title='bbox 1770 4973 1885 5052; x_wconf 87' lang='lat' dir='ltr'><strong>edam;</strong></span> 
     </span>
     <span class='ocr_line' id='line_1_46' title="bbox 1061 5105 1887 5194; baseline 0 -20"><span class='ocrx_word' id='word_1_277' title='bbox 1061 5125 1124 5194; x_wconf 86' lang='lat' dir='ltr'><strong>qua</strong></span> <span class='ocrx_word' id='word_1_278' title='bbox 1156 5105 1330 5174; x_wconf 88' lang='lat' dir='ltr'><strong>occasione</strong></span> <span class='ocrx_word' id='word_1_279' title='bbox 1358 5105 1440 5176; x_wconf 89' lang='lat' dir='ltr'><strong>iilud</strong></span> <span class='ocrx_word' id='word_1_280' title='bbox 1464 5107 1564 5175; x_wconf 90' lang='lat' dir='ltr'><strong>etiam</strong></span> <span class='ocrx_word' id='word_1_281' title='bbox 1588 5107 1658 5177; x_wconf 86' lang='lat' dir='ltr'><strong>fleri</strong></span> <span class='ocrx_word' id='word_1_282' title='bbox 1683 5107 1824 5194; x_wconf 89' lang='lat' dir='ltr'><strong>poterit,</strong></span> <span class='ocrx_word' id='word_1_283' title='bbox 1849 5115 1887 5175; x_wconf 94' lang='lat' dir='ltr'><strong>ut</strong></span> 
     </span>
     <span class='ocr_line' id='line_1_47' title="bbox 1059 5239 1885 5328; baseline 0.001 -20"><span class='ocrx_word' id='word_1_284' title='bbox 1059 5239 1220 5308; x_wconf 82' lang='lat' dir='ltr'><strong>nonnulla</strong></span> <span class='ocrx_word' id='word_1_285' title='bbox 1237 5257 1318 5308; x_wconf 83' lang='lat' dir='ltr'><strong>nora</strong></span> <span class='ocrx_word' id='word_1_286' title='bbox 1337 5240 1534 5310; x_wconf 88' lang='lat' dir='ltr'><strong>documenta</strong></span> <span class='ocrx_word' id='word_1_287' title='bbox 1552 5249 1715 5328; x_wconf 88' lang='lat' dir='ltr'><strong>prostent,</strong></span> <span class='ocrx_word' id='word_1_288' title='bbox 1736 5259 1820 5328; x_wconf 83' lang='lat' dir='ltr'><strong>quae</strong></span> <span class='ocrx_word' id='word_1_289' title='bbox 1845 5241 1885 5309; x_wconf 87' lang='lat' dir='ltr'><strong>ad</strong></span> 
     </span>
     <span class='ocr_line' id='line_1_48' title="bbox 1062 5374 1887 5462; baseline 0.005 -20"><span class='ocrx_word' id='word_1_290' title='bbox 1062 5374 1142 5442; x_wconf 87' lang='lat' dir='ltr'><strong>alias</strong></span> <span class='ocrx_word' id='word_1_291' title='bbox 1169 5375 1380 5460; x_wconf 78' lang='lat' dir='ltr'><strong>praefationis</strong></span> <span class='ocrx_word' id='word_1_292' title='bbox 1405 5393 1498 5444; x_wconf 90' lang='lat' dir='ltr'><strong>meae</strong></span> <span class='ocrx_word' id='word_1_293' title='bbox 1529 5383 1640 5462; x_wconf 90' lang='lat' dir='ltr'><strong>partes</strong></span> <span class='ocrx_word' id='word_1_294' title='bbox 1671 5376 1887 5446; x_wconf 82' lang='lat' dir='ltr'><strong>illustrandas</strong></span> 
     </span>
     <span class='ocr_line' id='line_1_49' title="bbox 1064 5511 1886 5580; baseline -0.001 -2"><span class='ocrx_word' id='word_1_295' title='bbox 1064 5529 1101 5578; x_wconf 85' lang='lat' dir='ltr'><strong>ac</strong></span> <span class='ocrx_word' id='word_1_296' title='bbox 1125 5511 1367 5580; x_wconf 85' lang='lat' dir='ltr'><strong>confirmandas</strong></span> <span class='ocrx_word' id='word_1_297' title='bbox 1383 5512 1434 5580; x_wconf 83' lang='lat' dir='ltr'><strong>vel</strong></span> <span class='ocrx_word' id='word_1_298' title='bbox 1458 5513 1681 5580; x_wconf 88' lang='lat' dir='ltr'><strong>emendandas</strong></span> <span class='ocrx_word' id='word_1_299' title='bbox 1705 5511 1886 5580; x_wconf 86' lang='lat' dir='ltr'><strong>conterant.</strong></span> 
     </span>
    </p>
   </div>
   <div class='ocr_carea' id='block_1_11' title="bbox 0 0 2350 6405">
    <p class='ocr_par' dir='ltr' id='par_1_11' title="bbox 0 0 2350 6405">
     <span class='ocr_line' id='line_1_50' title="bbox 0 0 2350 6405; baseline 0 0"><span class='ocrx_word' id='word_1_300' title='bbox 0 0 2350 6405; x_wconf 95' lang='lat' dir='ltr'><strong> </strong></span> 
     </span>
    </p>
   </div>
  </div>
 </body>
</html>
