4594 6452
723 241 726 246 ’
864 242 1078 319 -lls-

99 396 212 490 jussio
239 395 366 480 drma,
403 397 438 468 el
463 389 571 466 rerba
598 390 791 468 terribilia:
822 390 923 482 ouius

103 531 265 616 aspertus
292 521 435 598 araboli
458 517 638 614 abyssum,
667 526 702 596 et
729 517 922 612 objurgatio

101 657 242 726 montes
259 651 437 726 tabescere
454 648 544 729 lacit,
564 647 665 738 orins
682 648 811 724 raritas
829 647 925 722 testi·

102 777 245 852 litatur:
273 767 303 814 ”
321 761 455 854 ¹exaudi
469 793 600 852 rocam
617 774 711 850 serui
731 775 792 858 lui,
813 781 849 847 et
866 793 925 848 an·

102 904 201 980 ribus
219 901 613 996 percipeprecaliunem
631 901 788 992 ligmenli
806 901 868 983 tui,
889 905 928 974 et

63 1119 74 1138 .
102 1007 248 1106 intende
265 1030 426 1106 ln'rorua
444 1049 533 1106 mea.
561 1019 592 1066 ”
605 1030 696 1102 Dum
720 1028 813 1104 eninr
831 1027 923 1110 rivo,

103 1157 244 1250 loquar:
273 1163 308 1232 et
326 1156 410 1232 dnm
437 1157 548 1249 sapio,
568 1154 805 1248 respondebo:
830 1144 861 1190 ¹⁶
879 1173 925 1230 ne

104 1284 274 1375 respicias
302 1282 427 1360 delicta
453 1284 576 1376 populi
601 1283 663 1366 tui,
692 1281 757 1358 sed
783 1283 926 1374 eoquul

103 1411 169 1486 ciui
191 1411 339 1502 subjecti
365 1411 507 1486 luerunt
525 1413 560 1486 iu
579 1411 734 1486 veritate.
761 1399 791 1445 ¹²
805 1409 927 1502 Neque

105 1539 263 1613 attendas
290 1539 453 1616 stultitias
479 1537 676 1614 studiorum
695 1513 923 1628 iniquorum,

103 1663 276 1739 sedilios
303 1665 363 1756 qui
394 1665 446 1744 iu,
467 1663 657 1770 ignominia
684 1663 927 1739 custodierunt

103 1791 285 1882 pactiones
302 1797 394 1864 luas.
411 1781 572 1882 ¹⁸lleque
590 1790 721 1902 cogites
740 1789 784 1866 de
803 1789 846 1870 iis
865 1789 927 1880 qni

103 1919 198 1992 male
224 1920 419 1998 conversati
445 1925 533 2000 sunl
554 1918 592 1990 iu
619 1921 811 2010 conspectu
841 1923 926 2000 tuo,

105 2045 174 2122 sed
200 2063 394 2121 memorare
413 2045 474 2137 qui
501 2045 538 2118 iu
565 2043 740 2122 voluntale
756 2042 850 2115 buna
868 2060 927 2119 co·

106 2177 305 2264 guoramut
330 2172 491 2246 timorem
519 2177 628 2244 tunm
656 2158 685 2204 ”
703 2169 823 2260 Neque
841 2167 929 2242 nelis

104 2299 257 2390 perdere
276 2315 351 2380 eos,
370 2299 430 2390 qui
449 2298 627 2372 assimilati
644 2303 728 2372 sunt
741 2297 928 2386 jumentis:

106 2423 174 2500 sed
201 2425 336 2516 respice
362 2441 424 2498 eos
447 2425 512 2515 ,qul
539 2431 749 2515 acceperunt
766 2423 930 2516 splendo-

107 2569 185 2626 rem
211 2527 299 2644 legis
335 2557 425 2625 luae.
459 2541 490 2584 ³⁰
508 2551 628 2642 Neque
655 2549 848 2642 indigneris
875 2549 929 2626 eis

107 2679 173 2770 qui
199 2696 304 2770 prere
330 2683 477 2770 egerunt
503 2679 612 2768 magis
640 2695 745 2768 qnam
771 2676 927 2752 bestiae:

106 2805 176 2880 sed
201 2805 306 2896 dilige
324 2822 386 2880 eos
414 2803 474 2896 qui
500 2809 764 2894 perseveranter
790 2804 827 2876 in
854 2802 928 2894 glo·

107 2932 161 3006 ria
179 2937 238 3004 tua
254 2929 485 3006 confiderunt
512 2919 541 2966 ³¹
556 2929 726 3018 Quoniam
745 2946 811 3004 nos
829 2935 864 3004 et
881 2929 931 3004 illi

107 3058 172 3152 qni
198 3065 278 3132 aute
304 3076 383 3142 nos,
411 3073 516 3150 opera
544 3056 776 3147 corruptionis
794 3057 930 3146 egimm

107 3193 144 3262 et
171 3185 413 3274 insanivimus.

164 3315 217 3388 'lu
243 3320 358 3390 numm
385 3317 527 3408 proptor
552 3329 619 3386 nos
645 3311 743 3402 ipsos
769 3315 930 3402 peccato·

109 3459 182 3524 res,
201 3441 402 3516 misericors
420 3443 565 3522 recatus
581 3455 633 3512 es.
661 3427 691 3472 ”
705 3437 814 3512 Nobis
837 3439 931 3512 enlm

109 3585 185 3642 uon
210 3565 420 3650 habentibus
438 3565 595 3656 operari
622 3563 876 3655 desideraveris
894 3568 933 3638 nt

109 3693 334 3778 miserearis,
362 3691 550 3785 indulgens
576 3691 769 3782 vocaberis.
797 3682 827 3726 ⁸³
844 3692 934 3766 lusti

110 3821 225 3906 euim,
253 3820 383 3912 ouibus
408 3827 491 3896 suut
517 3838 624 3914 opera
649 3821 804 3912 reposita
838 3818 934 3911 apud

109 3957 158 4034 te,
179 3965 225 4022 ex
249 3947 400 4040 propriis
427 3947 596 4038 operibns
613 3945 743 4056 habant
761 3946 858 4039 qnod
874 3965 930 4022 re·

111 4075 254 4169 cipiant.
281 4064 312 4108 ”
330 4073 399 4150 dut
424 4071 510 4166 quid
537 4079 592 4150 est
617 4073 711 4148 enim
738 4073 865 4158 horno,
893 4077 950 4186 ut⁸

111 4201 146 4277 ei
174 4199 395 4294 indigueris:
423 4205 484 4274 aut
509 4217 621 4292 genus
640 4197 876 4291 corruptibile.
895 4205 935 4274 ut

14 4303 21 4314 ’
112 4329 336 4406 exacerberis
354 4327 399 4404 de
416 4329 526 4420 ipset
552 4317 581 4426 ⁸⁸.
599 4329 690 4404 llere
716 4327 810 4400 euim
828 4344 933 4402 nomo

112 4457 160 4534 de
186 4455 313 4548 genitis
330 4461 385 4532 est
410 4456 472 4548 qni
489 4473 562 4530 nou
584 4453 703 4548 inique
721 4455 840 4546 gessii,
869 4471 932 4528 ua·

113 4603 186 4678 qne
203 4603 249 4661 ex
273 4584 318 4658 ils
345 4585 406 4676 qui
432 4583 583 4668 luerunt,
604 4583 664 4676 qui
683 4601 756 4658 nou
775 4581 932 4676 deliquit

113 4700 145 4745 ”
161 4711 201 4784 lu
235 4709 312 4794 lune
331 4711 425 4786 euim
452 4717 684 4803 cognoscetur
709 4687 848 4786 bonitm
875 4715 934 4784 tna

113 4837 312 4914 dominator
337 4839 497 4924 llomine,
526 4855 606 4914 cum
635 4838 798 4914 misertus
825 4836 933 4912 lucris

114 4964 168 5041 eis
186 4963 246 5058 gni
265 4981 337 5039 non
353 4962 485 5043 habent
502 4966 573 5040 rim
591 4983 748 5058 opernm.

168 5079 197 5124 '⁷
216 5091 259 5164 El
293 5090 495 5182 respoudit,
523 5096 558 5164 et
593 5091 682 5167 dixit
707 5087 752 5164 ad
779 5107 857 5166 mea
882 5088 935 5164 lix

111 5223 212 5314 parte
238 5223 332 5294 recte
358 5219 497 5294 loculus
523 5237 589 5292 os:
618 5225 654 5292 el
674 5217 773 5308 iuxta
800 5233 934 5292 sermo·

33 5349 40 5370 '
112 5363 181 5424 nos
200 5351 292 5430 tuos,
320 5345 374 5420 aio
399 5345 483 5420 ilat:
512 5335 543 5380 ³⁸
561 5345 727 5438 quonlam
754 5361 836 5419 rere
862 5363 934 5420 non

114 5473 276 5566 cogiulso
312 5491 420 5566 snper
445 5475 579 5566 plasma
611 5473 839 5566 iniquorum,
877 5477 937 5548 aut

113 5585 225 5692 ¹super
243 5607 390 5681 mortem
404 5610 550 5686 'eorumc
564 5607 624 5676 ant
640 5617 748 5692 super
761 5599 935 5692 indicium

114 5743 267 5815 comm,
294 5735 354 5806 aul
385 5747 492 5824 nuper
517 5729 750 5824 perditionem
786 5745 934 5804 eorum:

1015 385 1351 487 ”sedjocandahor
1361 395 1663 488 superadventum
1678 397 1834 490 figmenti

1012 523 1210 614 justorum,
1240 529 1276 596 et
1301 541 1409 615 super
1435 523 1658 598 salvationem
1685 543 1832 608 eorum,

1017 655 1052 722 et
1068 625 1195 740 'snper
1209 648 1473 726 retributionem
1501 651 1673 726 mercedis
1698 669 1832 726 eornm

1016 764 1048 810 ‘⁰
1066 777 1249 864 Quomodo
1276 778 1370 850 enirn
1397 778 1534 852 loculus
1558 797 1649 860 sum,
1678 779 1730 854 sic
1757 779 1833 854 erit

1017 891 1046 940 ”
1065 903 1162 978 Sicut
1188 903 1474 996 enimagrioola,
1504 905 1564 996 qui
1591 905 1676 982 serit
1702 906 1836 989 semina

1016 1032 1149 1115 mulla,
1178 1038 1214 1104 et
1247 1033 1381 1122 plantas
1418 1033 1543 1108 multas
1574 1033 1750 1124 plantat„
1771 1030 1837 1106 sed

1017 1176 1091 1232 uon
1117 1157 1153 1230 iu
1173 1164 1336 1252 tempore
1350 1159 1467 1234 omnia
1494 1159 1631 1233 semina
1648 1161 1835 1242 salvantur.

1016 1301 1132 1376 neque
1169 1300 1293 1364 omnes
1328 1283 1465 1374 plantae
1493 1285 1631 1360 mittunt
1657 1284 1835 1358 radicem:

1018 1412 1070 1486 sic
1097 1415 1133 1484 et
1159 1410 1219 1502 qui
1247 1417 1418 1484 venerunt
1452 1411 1489 1484 iu
1524 1411 1727 1492 saeculnm,
1764 1429 1838 1488 non

1019 1556 1142 1614 omnes
1168 1537 1404 1612 salvabuntur.
1826 1629 1829 1637 ἢ

1028 1715 1033 1724 .
1072 1655 1102 1700 ”
1120 1665 1162 1736 Et
1189 1663 1366 1754 respondi,
1388 1671 1422 1738 et
1441 1663 1530 1738 dixi:
1560 1664 1597 1738 si
1624 1663 1742 1738 inrenl
1761 1681 1838 1756 gra·

1019 1791 1103 1868 iiam
1137 1791 1175 1896 in
1211 1791 1321 1863 oeulis
1358 1791 1450 1872 tuis.
1482 1791 1607 1882 loquar
1634 1808 1750 1865 coram
1791 1797 1837 1866 le

1021 1907 1050 1951 ”
1064 1919 1193 1992 Somou
1210 1919 1306 1990 euim
1333 1917 1554 2008 agricolaesl
1572 1917 1745 2008 accipiens
1766 1935 1840 1992 nou

1022 2045 1193 2137 acceperit
1210 2045 1362 2134 pluriam
1390 2050 1483 2118 tuam
1511 2045 1548 2118 iu
1575 2051 1732 2136 ternpore
1758 2062 1838 2130 sno.

1021 2172 1184 2265 uunquid
1218 2171 1436 2246 salvabitur?
1471 2171 1580 2246 liliam
1614 2189 1696 2244 vern
1723 2171 1840 2264 pluria

1021 2301 1129 2376 multa
1155 2299 1413 2390 corrumpitur:
1442 2287 1472 2331 ”
1490 2297 1670 2372 hominem
1698 2304 1838 2382 autom,

1014 2428 1081 2517 -unl
1108 2407 1271 2502 manibus
1290 2427 1358 2500 tuis
1385 2426 1576 2517 plasmatus
1603 2432 1668 2510 est,
1698 2432 1733 2500 et
1759 2427 1842 2503 ima-

1021 2552 1094 2646 gini
1115 2557 1210 2624 *tuae
1245 2552 1415 2626 similatus
1452 2558 1709 2644 eapropter
1735 2571 1842 2644 quem

1023 2679 1148 2760 creasti
1175 2679 1302 2763 omnia,
1330 2679 1492 2754 similasii
1508 2679 1635 2752 semini
1657 2677 1841 2770 agriculae.

1023 2796 1180 2890 *⁵Non2
1199 2823 1363 2912 precoro
1389 2811 1435 2888 le.
1456 2803 1652 2878 dominator
1678 2803 1842 2880 Domine:

1022 2949 1126 3026 parce
1149 2932 1279 3024 populo
1306 2935 1378 3016 tuo,
1408 2937 1443 3020 el
1469 2932 1635 3006 miserere
1662 2931 1864 3041 hereditati·

1023 3066 1122 3134 tuae:
1142 3059 1318 3148 creaturis
1329 3059 1423 3134 enim
1442 3061 1511 3134 inis
1531 3060 1719 3134 misereris.

1032 3259 1035 3266 ,
1078 3175 1108 3219 ”
1125 3185 1168 3258 Et
1193 3183 1387 3282 respondit,
1407 3191 1442 3258 et
1459 3185 1547 3260 dixit
1572 3185 1618 3258 ad
1644 3205 1719 3260 me:
1748 3189 1844 3275 Quae

1024 3317 1107 3390 suut
1133 3311 1330 3404 praesentia
1355 3311 1612 3402 praesentinus,
1633 3319 1668 3386 et
1686 3331 1775 3406 quae
1793 3313 1844 3388 lu·

1023 3445 1100 3514 tura
1127 3439 1264 3512 luturis.
1293 3427 1322 3526 ’7
1340 3437 1484 3512 linitum
1512 3437 1605 3512 enlm
1632 3437 1695 3514 tibi
1722 3439 1842 3526 deest,
1923 3435 1928 3454 '

1025 3575 1064 3640 ut
1078 3565 1197 3658 possis
1212 3565 1359 3657 diligere
1377 3571 1568 3639 ereaturam
1587 3565 1719 3638 meam·
1738 3584 1845 3658 snper

1022 3713 1095 3768 me:
1115 3700 1154 3768 tu
1171 3699 1287 3768 antem
1303 3695 1449 3768 mulium
1465 3691 1664 3768 assimilasti
1679 3693 1844 3786 teipsum

1022 3821 1159 3914 impilm
1187 3839 1260 3894 nou
1278 3822 1344 3894 erit
1360 3821 1424 3896 sio.
1452 3811 1482 3857 ”
1502 3819 1693 3896 sedetiam
1713 3821 1750 3896 iu
1769 3821 1844 3914 isto

1022 3945 1273 4039 glorificaberis
1291 3965 1407 4022 coram
1425 3945 1616 4032 altissimo,
1636 3935 1666 3982 ”
1680 3947 1844 4040 quonlam

1025 4075 1213 4150 humiliasti
1239 4080 1273 4150 lc
1291 4074 1382 4148 sieut
1408 4073 1509 4148 decet
1532 4079 1578 4158 te,
1599 4077 1634 4148 et
1659 4089 1730 4146 uon
1755 4072 1847 4164 judi·

1025 4201 1111 4276 casti
1128 4201 1296 4296 teipsum
1318 4217 1437 4294 parem
1452 4201 1580 4292 justis:
1607 4205 1751 4292 propter
1777 4199 1846 4276 hoo

1021 4328 1210 4420 plurimum
1220 4327 1485 4420 glorificaberis.
1501 4315 1532 4362 ³⁰
1546 4327 1732 4420 Propterea
1750 4327 1847 4420 qnod

1026 4453 1211 4530 adliclione
1238 4456 1345 4530 multa
1370 4453 1566 4546 adliganter
1592 4455 1654 4550 qni
1689 4453 1848 4530 habitant
1900 4522 1902 4536 .

1025 4585 1203 4660 saeculnm
1232 4584 1270 4658 iu
1304 4583 1523 4668 nouissimo,
1551 4587 1696 4674 propter
1721 4599 1846 4674 super·

1024 4710 1118 4785 niam
1150 4709 1293 4786 multa'm
1329 4729 1400 4802 qua
1435 4709 1696 4802 superbierunt.
1735 4699 1763 4746 ⁸¹
1793 4709 1845 4786 l'n
1948 4793 1958 4806 ,

1024 4843 1140 4914 aulem
1167 4837 1265 4932 quod
1290 4835 1335 4912 de
1365 4837 1573 4929 temetipso,
1601 4837 1778 4930 intellige,
1811 4845 1848 4912 et

1026 4965 1070 5040 de
1095 4965 1206 5056 gloria
1242 4981 1384 5048 eorum,
1413 4963 1474 5056 qui
1500 4967 1583 5038 sunl
1609 4963 1742 5038 similes
1768 4964 1844 5042 tul.

1026 5093 1176 5186 inquire.
1204 5081 1234 5186 ‚⁵¹
1252 5091 1361 5168 Vobis
1380 5093 1473 5168 euim
1500 5097 1641 5186 apertus
1667 5099 1722 5166 est
1745 5109 1844 5185 para·

1027 5219 1137 5306 disus,
1158 5225 1194 5296 et
1210 5220 1361 5312 plantata
1379 5225 1433 5294 est
1451 5217 1554 5292 arhor
1571 5219 1672 5302 rime,
1693 5225 1729 5295 et
1746 5235 1846 5310 prae·

1027 5353 1184 5440 paratum
1203 5355 1257 5426 est
1273 5348 1451 5424 saeculum
1469 5347 1636 5432 laturum,
1656 5351 1692 5421 et
1710 5353 1848 5440 paratae

1027 5481 1112 5550 sunt
1137 5473 1292 5562 deleme,
1312 5481 1348 5550 et
1374 5474 1552 5578 aedlilcala
1577 5481 1632 5552 est
1658 5473 1789 5560 oirilm,
1813 5479 1849 5552 al

1028 5603 1214 5678 constituta
1232 5609 1287 5680 est
1304 5605 1457 5698 requies,
1486 5609 1521 5678 et
1546 5601 1698 5698 perlecta
1716 5609 1770 5678 est
1786 5601 1849 5676 lto

1028 5730 1131 5818 uino,
1150 5735 1187 5808 el
1203 5729 1374 5826 compleo
1400 5737 1455 5810 ost
1480 5731 1662 5828 sapientia.
1691 5721 1720 5768 ⁵³
1738 5732 1782 5806 lit
1799 5749 1849 5808 ra·

1678 5897 1700 5952 P
