<?xml version="1.0" encoding="UTF-8"?>
<!DOCTYPE html PUBLIC "-//W3C//DTD XHTML 1.0 Transitional//EN"
    "http://www.w3.org/TR/xhtml1/DTD/xhtml1-transitional.dtd">
<html xmlns="http://www.w3.org/1999/xhtml" xml:lang="en" lang="en">
 <head>
  <title>
</title>
<meta http-equiv="Content-Type" content="text/html;charset=utf-8" />
  <meta name='ocr-system' content='tesseract 3.04.00' />
  <meta name='ocr-capabilities' content='ocr_page ocr_carea ocr_par ocr_line ocrx_word'/>
</head>
<body>
  <div class='ocr_page' id='page_1' title='image "./fragmentumactuu00unkngoog/fragmentumactuu00unkngoog_0020.png"; bbox 0 0 4690 6406; ppageno 0'>
   <div class='ocr_carea' id='block_1_1' title="bbox 129 321 958 1244">
    <p class='ocr_par' dir='ltr' id='par_1_1' title="bbox 129 321 958 1244">
     <span class='ocr_line' id='line_1_1' title="bbox 129 321 956 386; baseline -0.002 0"><span class='ocrx_word' id='word_1_1' title='bbox 129 337 249 386; x_wconf 89' lang='lat' dir='ltr'><strong>nostrae.</strong></span> <span class='ocrx_word' id='word_1_2' title='bbox 268 323 428 384; x_wconf 72' lang='lat' dir='ltr'><strong>occasione.</strong></span> <span class='ocrx_word' id='word_1_3' title='bbox 454 325 497 382; x_wconf 86' lang='lat' dir='ltr'><strong>Dc</strong></span> <span class='ocrx_word' id='word_1_4' title='bbox 524 321 675 382; x_wconf 76' lang='lat' dir='ltr'><strong>codicibus</strong></span> <span class='ocrx_word' id='word_1_5' title='bbox 702 327 790 382; x_wconf 86' lang='lat' dir='ltr'><strong>etiam</strong></span> <span class='ocrx_word' id='word_1_6' title='bbox 815 324 956 384; x_wconf 74' lang='lat' dir='ltr'><strong>versionis</strong></span> 
     </span>
     <span class='ocr_line' id='line_1_2' title="bbox 130 416 958 492; baseline -0.005 -12"><span class='ocrx_word' id='word_1_7' title='bbox 130 431 251 480; x_wconf 87' lang='lat' dir='ltr'><strong>nostrae</strong></span> <span class='ocrx_word' id='word_1_8' title='bbox 262 435 321 476; x_wconf 91' lang='lat' dir='ltr'><strong>non</strong></span> <span class='ocrx_word' id='word_1_9' title='bbox 339 417 435 476; x_wconf 89' lang='lat' dir='ltr'><strong>brevis</strong></span> <span class='ocrx_word' id='word_1_10' title='bbox 450 416 622 487; x_wconf 90' lang='lat' dir='ltr'><strong>eritsermo,</strong></span> <span class='ocrx_word' id='word_1_11' title='bbox 634 427 731 491; x_wconf 90' lang='lat' dir='ltr'><strong>atque,</strong></span> <span class='ocrx_word' id='word_1_12' title='bbox 744 421 820 474; x_wconf 90' lang='lat' dir='ltr'><strong>sicut</strong></span> <span class='ocrx_word' id='word_1_13' title='bbox 835 419 958 492; x_wconf 90' lang='lat' dir='ltr'><strong>loquens</strong></span> 
     </span>
     <span class='ocr_line' id='line_1_3' title="bbox 129 507 954 586; baseline -0.007 -14"><span class='ocrx_word' id='word_1_14' title='bbox 129 514 167 572; x_wconf 89' lang='lat' dir='ltr'><strong>de</strong></span> <span class='ocrx_word' id='word_1_15' title='bbox 181 509 454 586; x_wconf 82' lang='lat' dir='ltr'><strong>textusOrigeniani</strong></span> <span class='ocrx_word' id='word_1_16' title='bbox 464 508 634 568; x_wconf 91' lang='lat' dir='ltr'><strong>conditione</strong></span> <span class='ocrx_word' id='word_1_17' title='bbox 643 507 680 566; x_wconf 87' lang='lat' dir='ltr'><strong>de</strong></span> <span class='ocrx_word' id='word_1_18' title='bbox 689 509 802 586; x_wconf 87' lang='lat' dir='ltr'><strong>graecis</strong></span> <span class='ocrx_word' id='word_1_19' title='bbox 814 509 954 580; x_wconf 74' lang='lat' dir='ltr'><strong>tractabo,</strong></span> 
     </span>
     <span class='ocr_line' id='line_1_4' title="bbox 130 589 953 674; baseline -0.009 -7"><span class='ocrx_word' id='word_1_20' title='bbox 130 607 211 668; x_wconf 83' lang='lat' dir='ltr'><strong>crode</strong></span> <span class='ocrx_word' id='word_1_21' title='bbox 225 617 271 666; x_wconf 91' lang='lat' dir='ltr'><strong>est</strong></span> <span class='ocrx_word' id='word_1_22' title='bbox 284 617 383 666; x_wconf 88' lang='lat' dir='ltr'><strong>nostra</strong></span> <span class='ocrx_word' id='word_1_23' title='bbox 397 603 503 674; x_wconf 90' lang='lat' dir='ltr'><strong>versio,</strong></span> <span class='ocrx_word' id='word_1_24' title='bbox 514 603 563 672; x_wconf 90' lang='lat' dir='ltr'><strong>sic,</strong></span> <span class='ocrx_word' id='word_1_25' title='bbox 579 600 629 660; x_wconf 92' lang='lat' dir='ltr'><strong>ubi</strong></span> <span class='ocrx_word' id='word_1_26' title='bbox 644 589 740 663; x_wconf 86' lang='lat' dir='ltr'><strong>dicam</strong></span> <span class='ocrx_word' id='word_1_27' title='bbox 755 602 793 660; x_wconf 92' lang='lat' dir='ltr'><strong>de</strong></span> <span class='ocrx_word' id='word_1_28' title='bbox 806 601 953 662; x_wconf 81' lang='lat' dir='ltr'><strong>codicibus</strong></span> 
     </span>
     <span class='ocr_line' id='line_1_5' title="bbox 129 696 955 779; baseline -0.005 -19"><span class='ocrx_word' id='word_1_29' title='bbox 129 701 265 779; x_wconf 74' lang='lat' dir='ltr'><strong>syriacis,</strong></span> <span class='ocrx_word' id='word_1_30' title='bbox 281 699 433 760; x_wconf 89' lang='lat' dir='ltr'><strong>ostendam</strong></span> <span class='ocrx_word' id='word_1_31' title='bbox 459 709 603 774; x_wconf 88' lang='lat' dir='ltr'><strong>quantam</strong></span> <span class='ocrx_word' id='word_1_32' title='bbox 633 714 684 772; x_wconf 92' lang='lat' dir='ltr'><strong>pro</strong></span> <span class='ocrx_word' id='word_1_33' title='bbox 705 697 765 773; x_wconf 89' lang='lat' dir='ltr'><strong>ipsa</strong></span> <span class='ocrx_word' id='word_1_34' title='bbox 787 696 955 756; x_wconf 90' lang='lat' dir='ltr'><strong>conditione</strong></span> 
     </span>
     <span class='ocr_line' id='line_1_6' title="bbox 129 788 956 872; baseline -0.007 -18"><span class='ocrx_word' id='word_1_35' title='bbox 129 805 253 854; x_wconf 80' lang='lat' dir='ltr'><strong>catervio</strong></span> <span class='ocrx_word' id='word_1_36' title='bbox 274 793 322 852; x_wconf 90' lang='lat' dir='ltr'><strong>isti</strong></span> <span class='ocrx_word' id='word_1_37' title='bbox 341 793 385 850; x_wconf 91' lang='lat' dir='ltr'><strong>vel</strong></span> <span class='ocrx_word' id='word_1_38' title='bbox 407 795 437 852; x_wconf 92' lang='lat' dir='ltr'><strong>in</strong></span> <span class='ocrx_word' id='word_1_39' title='bbox 457 792 584 852; x_wconf 88' lang='lat' dir='ltr'><strong>minimis</strong></span> <span class='ocrx_word' id='word_1_40' title='bbox 603 788 639 849; x_wconf 91' lang='lat' dir='ltr'><strong>de</strong></span> <span class='ocrx_word' id='word_1_41' title='bbox 655 791 711 850; x_wconf 88' lang='lat' dir='ltr'><strong>illis</strong></span> <span class='ocrx_word' id='word_1_42' title='bbox 733 791 888 872; x_wconf 73' lang='lat' dir='ltr'><strong>pendeant.</strong></span> <span class='ocrx_word' id='word_1_43' title='bbox 904 794 956 850; x_wconf 78' lang='lat' dir='ltr'><strong>clr-</strong></span> 
     </span>
     <span class='ocr_line' id='line_1_7' title="bbox 129 884 956 966; baseline -0.007 -18"><span class='ocrx_word' id='word_1_44' title='bbox 129 896 305 966; x_wconf 84' lang='lat' dir='ltr'><strong>gumentum</strong></span> <span class='ocrx_word' id='word_1_45' title='bbox 325 884 454 944; x_wconf 86' lang='lat' dir='ltr'><strong>invidiae</strong></span> <span class='ocrx_word' id='word_1_46' title='bbox 473 903 532 944; x_wconf 91' lang='lat' dir='ltr'><strong>non</strong></span> <span class='ocrx_word' id='word_1_47' title='bbox 551 902 656 961; x_wconf 79' lang='lat' dir='ltr'><strong>expers</strong></span> <span class='ocrx_word' id='word_1_48' title='bbox 674 901 789 944; x_wconf 90' lang='lat' dir='ltr'><strong>sumam</strong></span> <span class='ocrx_word' id='word_1_49' title='bbox 815 884 844 940; x_wconf 92' lang='lat' dir='ltr'><strong>in</strong></span> <span class='ocrx_word' id='word_1_50' title='bbox 873 893 956 961; x_wconf 90' lang='lat' dir='ltr'><strong>parte</strong></span> 
     </span>
     <span class='ocr_line' id='line_1_8' title="bbox 131 974 954 1056; baseline -0.002 -18"><span class='ocrx_word' id='word_1_51' title='bbox 131 982 235 1050; x_wconf 90' lang='lat' dir='ltr'><strong>tertia,</strong></span> <span class='ocrx_word' id='word_1_52' title='bbox 255 981 285 1038; x_wconf 94' lang='lat' dir='ltr'><strong>in</strong></span> <span class='ocrx_word' id='word_1_53' title='bbox 303 997 360 1056; x_wconf 89' lang='lat' dir='ltr'><strong>qua</strong></span> <span class='ocrx_word' id='word_1_54' title='bbox 380 979 496 1038; x_wconf 89' lang='lat' dir='ltr'><strong>labores</strong></span> <span class='ocrx_word' id='word_1_55' title='bbox 514 977 752 1054; x_wconf 88' lang='lat' dir='ltr'><strong>praecedentium</strong></span> <span class='ocrx_word' id='word_1_56' title='bbox 776 974 954 1052; x_wconf 78' lang='lat' dir='ltr'><strong>dijudicandi</strong></span> 
     </span>
     <span class='ocr_line' id='line_1_9' title="bbox 129 1066 954 1150; baseline -0.007 -18"><span class='ocrx_word' id='word_1_57' title='bbox 129 1083 276 1150; x_wconf 84' lang='lat' dir='ltr'><strong>quotquot</strong></span> <span class='ocrx_word' id='word_1_58' title='bbox 295 1073 444 1140; x_wconf 90' lang='lat' dir='ltr'><strong>noverim,</strong></span> <span class='ocrx_word' id='word_1_59' title='bbox 463 1082 493 1130; x_wconf 89' lang='lat' dir='ltr'><strong>et</strong></span> <span class='ocrx_word' id='word_1_60' title='bbox 511 1069 601 1147; x_wconf 83' lang='lat' dir='ltr'><strong>aliqui</strong></span> <span class='ocrx_word' id='word_1_61' title='bbox 620 1071 707 1128; x_wconf 89' lang='lat' dir='ltr'><strong>ctiam</strong></span> <span class='ocrx_word' id='word_1_62' title='bbox 727 1066 805 1126; x_wconf 85' lang='lat' dir='ltr'><strong>docti</strong></span> <span class='ocrx_word' id='word_1_63' title='bbox 824 1067 954 1126; x_wconf 86' lang='lat' dir='ltr'><strong>viventes</strong></span> 
     </span>
     <span class='ocr_line' id='line_1_10' title="bbox 130 1157 954 1244; baseline -0.008 -22"><span class='ocrx_word' id='word_1_64' title='bbox 130 1167 160 1224; x_wconf 93' lang='lat' dir='ltr'><strong>in</strong></span> <span class='ocrx_word' id='word_1_65' title='bbox 178 1165 322 1244; x_wconf 86' lang='lat' dir='ltr'><strong>judicium</strong></span> <span class='ocrx_word' id='word_1_66' title='bbox 342 1163 474 1224; x_wconf 84' lang='lat' dir='ltr'><strong>vocandi.</strong></span> <span class='ocrx_word' id='word_1_67' title='bbox 494 1162 549 1222; x_wconf 82' lang='lat' dir='ltr'><strong>Sed</strong></span> <span class='ocrx_word' id='word_1_68' title='bbox 566 1181 657 1238; x_wconf 90' lang='lat' dir='ltr'><strong>aeque</strong></span> <span class='ocrx_word' id='word_1_69' title='bbox 676 1161 789 1220; x_wconf 89' lang='lat' dir='ltr'><strong>alicnus</strong></span> <span class='ocrx_word' id='word_1_70' title='bbox 803 1159 840 1218; x_wconf 90' lang='lat' dir='ltr'><strong>ab</strong></span> <span class='ocrx_word' id='word_1_71' title='bbox 856 1176 890 1218; x_wconf 91' lang='lat' dir='ltr'><strong>eo</strong></span> <span class='ocrx_word' id='word_1_72' title='bbox 909 1157 954 1216; x_wconf 90' lang='lat' dir='ltr'><strong>iu·</strong></span> 
     </span>
    </p>
   </div>
   <div class='ocr_carea' id='block_1_2' title="bbox 19 1253 954 1344">
    <p class='ocr_par' dir='ltr' id='par_1_2' title="bbox 19 1253 954 1344">
     <span class='ocr_line' id='line_1_11' title="bbox 19 1253 954 1344; baseline -0.002 -30"><span class='ocrx_word' id='word_1_73' title='bbox 19 1331 25 1344; x_wconf 43' lang='grc'><strong>,</strong></span> <span class='ocrx_word' id='word_1_74' title='bbox 132 1275 209 1328; x_wconf 87' lang='lat' dir='ltr'><strong>core,</strong></span> <span class='ocrx_word' id='word_1_75' title='bbox 224 1275 282 1333; x_wconf 91' lang='lat' dir='ltr'><strong>qno</strong></span> <span class='ocrx_word' id='word_1_76' title='bbox 295 1255 393 1334; x_wconf 85' lang='lat' dir='ltr'><strong>plures</strong></span> <span class='ocrx_word' id='word_1_77' title='bbox 408 1256 485 1317; x_wconf 90' lang='lat' dir='ltr'><strong>docti</strong></span> <span class='ocrx_word' id='word_1_78' title='bbox 502 1257 579 1316; x_wconf 89' lang='lat' dir='ltr'><strong>inter</strong></span> <span class='ocrx_word' id='word_1_79' title='bbox 598 1274 630 1314; x_wconf 87' lang='lat' dir='ltr'><strong>se</strong></span> <span class='ocrx_word' id='word_1_80' title='bbox 648 1253 954 1332; x_wconf 87' lang='lat' dir='ltr'><strong>digladiantur,quam</strong></span> 
     </span>
    </p>
   </div>
   <div class='ocr_carea' id='block_1_3' title="bbox 131 1347 956 2360">
    <p class='ocr_par' dir='ltr' id='par_1_3' title="bbox 131 1347 956 2360">
     <span class='ocr_line' id='line_1_12' title="bbox 131 1347 955 1430; baseline -0.005 -22"><span class='ocrx_word' id='word_1_81' title='bbox 131 1373 146 1408; x_wconf 88' lang='lat' dir='ltr'><strong>a</strong></span> <span class='ocrx_word' id='word_1_82' title='bbox 169 1367 376 1430; x_wconf 75' lang='lat' dir='ltr'><strong>personantias,</strong></span> <span class='ocrx_word' id='word_1_83' title='bbox 393 1368 467 1426; x_wconf 89' lang='lat' dir='ltr'><strong>quas</strong></span> <span class='ocrx_word' id='word_1_84' title='bbox 486 1347 580 1408; x_wconf 85' lang='lat' dir='ltr'><strong>trullus</strong></span> <span class='ocrx_word' id='word_1_85' title='bbox 599 1347 677 1419; x_wconf 86' lang='lat' dir='ltr'><strong>novi,</strong></span> <span class='ocrx_word' id='word_1_86' title='bbox 695 1348 874 1424; x_wconf 87' lang='lat' dir='ltr'><strong>acceptione,</strong></span> <span class='ocrx_word' id='word_1_87' title='bbox 892 1357 955 1406; x_wconf 90' lang='lat' dir='ltr'><strong>orto</strong></span> 
     </span>
     <span class='ocr_line' id='line_1_13' title="bbox 131 1429 956 1516; baseline -0.008 -13"><span class='ocrx_word' id='word_1_88' title='bbox 131 1445 221 1504; x_wconf 89' lang='lat' dir='ltr'><strong>etiam</strong></span> <span class='ocrx_word' id='word_1_89' title='bbox 240 1463 276 1504; x_wconf 81' lang='lat' dir='ltr'><strong>ex</strong></span> <span class='ocrx_word' id='word_1_90' title='bbox 295 1443 403 1502; x_wconf 88' lang='lat' dir='ltr'><strong>mutuis</strong></span> <span class='ocrx_word' id='word_1_91' title='bbox 421 1430 575 1511; x_wconf 84' lang='lat' dir='ltr'><strong>laudibus,</strong></span> <span class='ocrx_word' id='word_1_92' title='bbox 598 1429 722 1516; x_wconf 87' lang='lat' dir='ltr'><strong>quocum</strong></span> <span class='ocrx_word' id='word_1_93' title='bbox 747 1457 840 1498; x_wconf 92' lang='lat' dir='ltr'><strong>novns</strong></span> <span class='ocrx_word' id='word_1_94' title='bbox 868 1437 956 1496; x_wconf 86' lang='lat' dir='ltr'><strong>hante</strong></span> 
     </span>
     <span class='ocr_line' id='line_1_14' title="bbox 131 1531 954 1613; baseline -0.009 -16"><span class='ocrx_word' id='word_1_95' title='bbox 131 1537 249 1598; x_wconf 89' lang='lat' dir='ltr'><strong>nullum</strong></span> <span class='ocrx_word' id='word_1_96' title='bbox 270 1535 431 1613; x_wconf 88' lang='lat' dir='ltr'><strong>pericnlum</strong></span> <span class='ocrx_word' id='word_1_97' title='bbox 450 1533 544 1606; x_wconf 89' lang='lat' dir='ltr'><strong>subii,</strong></span> <span class='ocrx_word' id='word_1_98' title='bbox 563 1535 654 1594; x_wconf 84' lang='lat' dir='ltr'><strong>libros</strong></span> <span class='ocrx_word' id='word_1_99' title='bbox 684 1550 831 1592; x_wconf 86' lang='lat' dir='ltr'><strong>assumam</strong></span> <span class='ocrx_word' id='word_1_100' title='bbox 852 1531 954 1608; x_wconf 82' lang='lat' dir='ltr'><strong>judicii</strong></span> 
     </span>
     <span class='ocr_line' id='line_1_15' title="bbox 131 1623 955 1706; baseline -0.006 -20"><span class='ocrx_word' id='word_1_101' title='bbox 131 1629 328 1706; x_wconf 82' lang='lat' dir='ltr'><strong>objectum,ct</strong></span> <span class='ocrx_word' id='word_1_102' title='bbox 346 1647 407 1688; x_wconf 89' lang='lat' dir='ltr'><strong>rem</strong></span> <span class='ocrx_word' id='word_1_103' title='bbox 429 1645 565 1706; x_wconf 76' lang='lat' dir='ltr'><strong>peragam</strong></span> <span class='ocrx_word' id='word_1_104' title='bbox 584 1628 647 1686; x_wconf 89' lang='lat' dir='ltr'><strong>sine</strong></span> <span class='ocrx_word' id='word_1_105' title='bbox 667 1629 792 1702; x_wconf 75' lang='lat' dir='ltr'><strong>practicus</strong></span> <span class='ocrx_word' id='word_1_106' title='bbox 807 1623 912 1695; x_wconf 89' lang='lat' dir='ltr'><strong>studio,</strong></span> <span class='ocrx_word' id='word_1_107' title='bbox 926 1633 955 1683; x_wconf 91' lang='lat' dir='ltr'><strong>et</strong></span> 
     </span>
     <span class='ocr_line' id='line_1_16' title="bbox 131 1717 954 1800; baseline -0.007 -18"><span class='ocrx_word' id='word_1_108' title='bbox 131 1723 198 1784; x_wconf 82' lang='lat' dir='ltr'><strong>sine</strong></span> <span class='ocrx_word' id='word_1_109' title='bbox 217 1722 413 1800; x_wconf 68' lang='lat' dir='ltr'><strong>praeiudiciis,</strong></span> <span class='ocrx_word' id='word_1_110' title='bbox 432 1739 507 1798; x_wconf 91' lang='lat' dir='ltr'><strong>qnae</strong></span> <span class='ocrx_word' id='word_1_111' title='bbox 523 1720 602 1780; x_wconf 90' lang='lat' dir='ltr'><strong>nollo</strong></span> <span class='ocrx_word' id='word_1_112' title='bbox 623 1739 638 1778; x_wconf 87' lang='lat' dir='ltr'><strong>a</strong></span> <span class='ocrx_word' id='word_1_113' title='bbox 658 1719 739 1778; x_wconf 93' lang='lat' dir='ltr'><strong>nullo</strong></span> <span class='ocrx_word' id='word_1_114' title='bbox 757 1719 788 1778; x_wconf 88' lang='lat' dir='ltr'><strong>in</strong></span> <span class='ocrx_word' id='word_1_115' title='bbox 804 1717 851 1778; x_wconf 90' lang='lat' dir='ltr'><strong>his</strong></span> <span class='ocrx_word' id='word_1_116' title='bbox 866 1718 954 1778; x_wconf 91' lang='lat' dir='ltr'><strong>rebus</strong></span> 
     </span>
     <span class='ocr_line' id='line_1_17' title="bbox 132 1811 955 1891; baseline -0.004 -15"><span class='ocrx_word' id='word_1_117' title='bbox 132 1815 205 1876; x_wconf 89' lang='lat' dir='ltr'><strong>mihi</strong></span> <span class='ocrx_word' id='word_1_118' title='bbox 226 1825 413 1891; x_wconf 85' lang='lat' dir='ltr'><strong>praeceptore</strong></span> <span class='ocrx_word' id='word_1_119' title='bbox 430 1813 551 1884; x_wconf 82' lang='lat' dir='ltr'><strong>imbibi,</strong></span> <span class='ocrx_word' id='word_1_120' title='bbox 570 1831 667 1889; x_wconf 92' lang='lat' dir='ltr'><strong>neque</strong></span> <span class='ocrx_word' id='word_1_121' title='bbox 694 1816 782 1872; x_wconf 88' lang='lat' dir='ltr'><strong>etiarn</strong></span> <span class='ocrx_word' id='word_1_122' title='bbox 811 1830 825 1869; x_wconf 88' lang='lat' dir='ltr'><strong>a</strong></span> <span class='ocrx_word' id='word_1_123' title='bbox 856 1811 955 1872; x_wconf 79' lang='lat' dir='ltr'><strong>libris.</strong></span> 
     </span>
     <span class='ocr_line' id='line_1_18' title="bbox 131 1907 955 1986; baseline -0.005 -18"><span class='ocrx_word' id='word_1_124' title='bbox 131 1907 239 1986; x_wconf 91' lang='lat' dir='ltr'><strong>quibus</strong></span> <span class='ocrx_word' id='word_1_125' title='bbox 256 1911 285 1968; x_wconf 93' lang='lat' dir='ltr'><strong>io</strong></span> <span class='ocrx_word' id='word_1_126' title='bbox 296 1907 464 1985; x_wconf 89' lang='lat' dir='ltr'><strong>judicandis</strong></span> <span class='ocrx_word' id='word_1_127' title='bbox 475 1925 635 1985; x_wconf 85' lang='lat' dir='ltr'><strong>numquam</strong></span> <span class='ocrx_word' id='word_1_128' title='bbox 649 1909 824 1967; x_wconf 88' lang='lat' dir='ltr'><strong>testimoniis</strong></span> <span class='ocrx_word' id='word_1_129' title='bbox 842 1907 955 1976; x_wconf 91' lang='lat' dir='ltr'><strong>alienis,</strong></span> 
     </span>
     <span class='ocr_line' id='line_1_19' title="bbox 131 2000 953 2071; baseline -0.002 -9"><span class='ocrx_word' id='word_1_130' title='bbox 131 2003 184 2062; x_wconf 87' lang='lat' dir='ltr'><strong>secl</strong></span> <span class='ocrx_word' id='word_1_131' title='bbox 203 2019 268 2062; x_wconf 91' lang='lat' dir='ltr'><strong>mco</strong></span> <span class='ocrx_word' id='word_1_132' title='bbox 287 2020 389 2062; x_wconf 90' lang='lat' dir='ltr'><strong>eorum</strong></span> <span class='ocrx_word' id='word_1_133' title='bbox 409 2001 539 2062; x_wconf 81' lang='lat' dir='ltr'><strong>esavnini</strong></span> <span class='ocrx_word' id='word_1_134' title='bbox 559 2000 718 2060; x_wconf 86' lang='lat' dir='ltr'><strong>obsecutus</strong></span> <span class='ocrx_word' id='word_1_135' title='bbox 737 2019 817 2070; x_wconf 86' lang='lat' dir='ltr'><strong>snm,</strong></span> <span class='ocrx_word' id='word_1_136' title='bbox 837 2011 883 2071; x_wconf 93' lang='lat' dir='ltr'><strong>et,</strong></span> <span class='ocrx_word' id='word_1_137' title='bbox 902 2001 953 2060; x_wconf 91' lang='lat' dir='ltr'><strong>ubi</strong></span> 
     </span>
     <span class='ocr_line' id='line_1_20' title="bbox 132 2093 953 2184; baseline -0.005 -30"><span class='ocrx_word' id='word_1_138' title='bbox 132 2098 178 2156; x_wconf 80' lang='lat' dir='ltr'><strong>via</strong></span> <span class='ocrx_word' id='word_1_139' title='bbox 190 2093 313 2173; x_wconf 88' lang='lat' dir='ltr'><strong>possenl,</strong></span> <span class='ocrx_word' id='word_1_140' title='bbox 322 2095 496 2184; x_wconf 75' lang='lat' dir='ltr'><strong>documenta</strong></span> <span class='ocrx_word' id='word_1_141' title='bbox 513 2097 599 2156; x_wconf 89' lang='lat' dir='ltr'><strong>allata</strong></span> <span class='ocrx_word' id='word_1_142' title='bbox 612 2113 678 2154; x_wconf 90' lang='lat' dir='ltr'><strong>cum</strong></span> <span class='ocrx_word' id='word_1_143' title='bbox 693 2093 826 2154; x_wconf 89' lang='lat' dir='ltr'><strong>lentibus</strong></span> <span class='ocrx_word' id='word_1_144' title='bbox 837 2110 953 2170; x_wconf 90' lang='lat' dir='ltr'><strong>compa-</strong></span> 
     </span>
     <span class='ocr_line' id='line_1_21' title="bbox 132 2186 953 2264; baseline -0.006 -16"><span class='ocrx_word' id='word_1_145' title='bbox 132 2207 211 2250; x_wconf 88' lang='lat' dir='ltr'><strong>rans.</strong></span> <span class='ocrx_word' id='word_1_146' title='bbox 230 2191 293 2264; x_wconf 88' lang='lat' dir='ltr'><strong>Qun</strong></span> <span class='ocrx_word' id='word_1_147' title='bbox 317 2207 388 2250; x_wconf 87' lang='lat' dir='ltr'><strong>sane</strong></span> <span class='ocrx_word' id='word_1_148' title='bbox 407 2189 559 2260; x_wconf 85' lang='lat' dir='ltr'><strong>ellectum,</strong></span> <span class='ocrx_word' id='word_1_149' title='bbox 576 2201 608 2248; x_wconf 90' lang='lat' dir='ltr'><strong>ut</strong></span> <span class='ocrx_word' id='word_1_150' title='bbox 627 2205 748 2264; x_wconf 90' lang='lat' dir='ltr'><strong>operum</strong></span> <span class='ocrx_word' id='word_1_151' title='bbox 776 2186 953 2263; x_wconf 83' lang='lat' dir='ltr'><strong>alienigena-</strong></span> 
     </span>
     <span class='ocr_line' id='line_1_22' title="bbox 134 2277 953 2360; baseline -0.004 -18"><span class='ocrx_word' id='word_1_152' title='bbox 134 2303 209 2354; x_wconf 91' lang='lat' dir='ltr'><strong>rum,</strong></span> <span class='ocrx_word' id='word_1_153' title='bbox 227 2301 302 2360; x_wconf 91' lang='lat' dir='ltr'><strong>qnae</strong></span> <span class='ocrx_word' id='word_1_154' title='bbox 321 2285 399 2342; x_wconf 86' lang='lat' dir='ltr'><strong>eirea</strong></span> <span class='ocrx_word' id='word_1_155' title='bbox 421 2301 482 2342; x_wconf 86' lang='lat' dir='ltr'><strong>vem</strong></span> <span class='ocrx_word' id='word_1_156' title='bbox 502 2281 641 2341; x_wconf 88' lang='lat' dir='ltr'><strong>biblicam</strong></span> <span class='ocrx_word' id='word_1_157' title='bbox 661 2291 690 2340; x_wconf 89' lang='lat' dir='ltr'><strong>et</strong></span> <span class='ocrx_word' id='word_1_158' title='bbox 704 2277 804 2338; x_wconf 89' lang='lat' dir='ltr'><strong>literas</strong></span> <span class='ocrx_word' id='word_1_159' title='bbox 825 2281 953 2340; x_wconf 87' lang='lat' dir='ltr'><strong>orienta-</strong></span> 
     </span>
    </p>
   </div>
   <div class='ocr_carea' id='block_1_4' title="bbox 23 2375 953 2453">
    <p class='ocr_par' dir='ltr' id='par_1_4' title="bbox 23 2375 953 2453">
     <span class='ocr_line' id='line_1_23' title="bbox 23 2375 953 2453; baseline -0.004 -17"><span class='ocrx_word' id='word_1_160' title='bbox 23 2411 30 2426; x_wconf 87' lang='lat'><strong>·</strong></span> <span class='ocrx_word' id='word_1_161' title='bbox 132 2377 172 2436; x_wconf 85' lang='lat' dir='ltr'><strong>les</strong></span> <span class='ocrx_word' id='word_1_162' title='bbox 193 2387 358 2446; x_wconf 86' lang='lat' dir='ltr'><strong>versantur,</strong></span> <span class='ocrx_word' id='word_1_163' title='bbox 372 2387 402 2434; x_wconf 90' lang='lat' dir='ltr'><strong>et</strong></span> <span class='ocrx_word' id='word_1_164' title='bbox 421 2375 574 2453; x_wconf 89' lang='lat' dir='ltr'><strong>praecipue</strong></span> <span class='ocrx_word' id='word_1_165' title='bbox 594 2376 736 2444; x_wconf 86' lang='lat' dir='ltr'><strong>tractari,</strong></span> <span class='ocrx_word' id='word_1_166' title='bbox 752 2390 817 2432; x_wconf 90' lang='lat' dir='ltr'><strong>eam</strong></span> <span class='ocrx_word' id='word_1_167' title='bbox 837 2389 953 2432; x_wconf 90' lang='lat' dir='ltr'><strong>caecam</strong></span> 
     </span>
    </p>
   </div>
   <div class='ocr_carea' id='block_1_5' title="bbox 125 2464 954 5712">
    <p class='ocr_par' dir='ltr' id='par_1_5' title="bbox 125 2464 954 5712">
     <span class='ocr_line' id='line_1_24' title="bbox 133 2464 953 2543; baseline 0 -17"><span class='ocrx_word' id='word_1_168' title='bbox 133 2487 191 2528; x_wconf 94' lang='lat' dir='ltr'><strong>non</strong></span> <span class='ocrx_word' id='word_1_169' title='bbox 212 2467 388 2528; x_wconf 87' lang='lat' dir='ltr'><strong>imbiberem</strong></span> <span class='ocrx_word' id='word_1_170' title='bbox 407 2467 643 2533; x_wconf 85' lang='lat' dir='ltr'><strong>admirationem,</strong></span> <span class='ocrx_word' id='word_1_171' title='bbox 659 2484 733 2543; x_wconf 88' lang='lat' dir='ltr'><strong>quae</strong></span> <span class='ocrx_word' id='word_1_172' title='bbox 747 2464 845 2543; x_wconf 89' lang='lat' dir='ltr'><strong>quoad</strong></span> <span class='ocrx_word' id='word_1_173' title='bbox 862 2465 953 2526; x_wconf 87' lang='lat' dir='ltr'><strong>molta</strong></span> 
     </span>
     <span class='ocr_line' id='line_1_25' title="bbox 133 2559 954 2638; baseline 0 -20"><span class='ocrx_word' id='word_1_174' title='bbox 133 2560 208 2638; x_wconf 87' lang='lat' dir='ltr'><strong>apud</strong></span> <span class='ocrx_word' id='word_1_175' title='bbox 230 2559 326 2637; x_wconf 89' lang='lat' dir='ltr'><strong>plures</strong></span> <span class='ocrx_word' id='word_1_176' title='bbox 344 2560 459 2620; x_wconf 91' lang='lat' dir='ltr'><strong>obtinet</strong></span> <span class='ocrx_word' id='word_1_177' title='bbox 473 2560 537 2618; x_wconf 91' lang='lat' dir='ltr'><strong>aliis</strong></span> <span class='ocrx_word' id='word_1_178' title='bbox 552 2559 589 2618; x_wconf 89' lang='lat' dir='ltr'><strong>dc</strong></span> <span class='ocrx_word' id='word_1_179' title='bbox 604 2559 699 2618; x_wconf 88' lang='lat' dir='ltr'><strong>causis</strong></span> <span class='ocrx_word' id='word_1_180' title='bbox 718 2571 923 2635; x_wconf 83' lang='lat' dir='ltr'><strong>praeterquam</strong></span> <span class='ocrx_word' id='word_1_181' title='bbox 938 2577 954 2618; x_wconf 90' lang='grc' dir='ltr'><strong>ι</strong></span> 
     </span>
     <span class='ocr_line' id='line_1_26' title="bbox 133 2651 953 2726; baseline 0 -14"><span class='ocrx_word' id='word_1_182' title='bbox 133 2666 210 2713; x_wconf 88' lang='lat' dir='ltr'><strong>rceta</strong></span> <span class='ocrx_word' id='word_1_183' title='bbox 227 2670 330 2712; x_wconf 89' lang='lat' dir='ltr'><strong>eorum</strong></span> <span class='ocrx_word' id='word_1_184' title='bbox 346 2654 561 2726; x_wconf 87' lang='lat' dir='ltr'><strong>aestimatiooe;</strong></span> <span class='ocrx_word' id='word_1_185' title='bbox 573 2651 756 2712; x_wconf 86' lang='lat' dir='ltr'><strong>subridereto</strong></span> <span class='ocrx_word' id='word_1_186' title='bbox 777 2663 875 2712; x_wconf 83' lang='lat' dir='ltr'><strong>antero</strong></span> <span class='ocrx_word' id='word_1_187' title='bbox 895 2669 953 2712; x_wconf 93' lang='lat' dir='ltr'><strong>non</strong></span> 
     </span>
     <span class='ocr_line' id='line_1_27' title="bbox 132 2743 954 2823; baseline 0 -21"><span class='ocrx_word' id='word_1_188' title='bbox 132 2751 194 2804; x_wconf 79' lang='lat' dir='ltr'><strong>sioe</strong></span> <span class='ocrx_word' id='word_1_189' title='bbox 205 2743 264 2804; x_wconf 90' lang='lat' dir='ltr'><strong>ullo</strong></span> <span class='ocrx_word' id='word_1_190' title='bbox 279 2743 486 2823; x_wconf 81' lang='lat' dir='ltr'><strong>indignationis</strong></span> <span class='ocrx_word' id='word_1_191' title='bbox 502 2762 599 2816; x_wconf 90' lang='lat' dir='ltr'><strong>sensu,</strong></span> <span class='ocrx_word' id='word_1_192' title='bbox 609 2743 711 2806; x_wconf 89' lang='lat' dir='ltr'><strong>videos</strong></span> <span class='ocrx_word' id='word_1_193' title='bbox 722 2755 835 2822; x_wconf 92' lang='lat' dir='ltr'><strong>quanto</strong></span> <span class='ocrx_word' id='word_1_194' title='bbox 850 2746 954 2822; x_wconf 86' lang='lat' dir='ltr'><strong>plausu</strong></span> 
     </span>
     <span class='ocr_line' id='line_1_28' title="bbox 132 2837 953 2916; baseline 0 -18"><span class='ocrx_word' id='word_1_195' title='bbox 132 2843 337 2916; x_wconf 81' lang='lat' dir='ltr'><strong>exciperentur</strong></span> <span class='ocrx_word' id='word_1_196' title='bbox 352 2838 440 2898; x_wconf 92' lang='lat' dir='ltr'><strong>ctiam</strong></span> <span class='ocrx_word' id='word_1_197' title='bbox 460 2839 497 2896; x_wconf 91' lang='lat' dir='ltr'><strong>ab</strong></span> <span class='ocrx_word' id='word_1_198' title='bbox 516 2837 657 2913; x_wconf 86' lang='lat' dir='ltr'><strong>aliquota</strong></span> <span class='ocrx_word' id='word_1_199' title='bbox 672 2839 745 2896; x_wconf 89' lang='lat' dir='ltr'><strong>meis</strong></span> <span class='ocrx_word' id='word_1_200' title='bbox 765 2837 898 2898; x_wconf 88' lang='lat' dir='ltr'><strong>nonnulli</strong></span> <span class='ocrx_word' id='word_1_201' title='bbox 920 2839 953 2898; x_wconf 93' lang='lat' dir='ltr'><strong>il·</strong></span> 
     </span>
     <span class='ocr_line' id='line_1_29' title="bbox 131 2929 953 3008; baseline 0.002 -20"><span class='ocrx_word' id='word_1_202' title='bbox 131 2931 312 3008; x_wconf 87' lang='lat' dir='ltr'><strong>liusgcaeris</strong></span> <span class='ocrx_word' id='word_1_203' title='bbox 323 2930 418 2990; x_wconf 89' lang='lat' dir='ltr'><strong>studio</strong></span> <span class='ocrx_word' id='word_1_204' title='bbox 436 2940 594 2990; x_wconf 88' lang='lat' dir='ltr'><strong>tractantes</strong></span> <span class='ocrx_word' id='word_1_205' title='bbox 610 2931 640 2990; x_wconf 91' lang='lat' dir='ltr'><strong>in</strong></span> <span class='ocrx_word' id='word_1_206' title='bbox 656 2929 741 2988; x_wconf 89' lang='lat' dir='ltr'><strong>libris</strong></span> <span class='ocrx_word' id='word_1_207' title='bbox 751 2941 779 2990; x_wconf 92' lang='lat' dir='ltr'><strong>et</strong></span> <span class='ocrx_word' id='word_1_208' title='bbox 790 2929 953 3008; x_wconf 88' lang='lat' dir='ltr'><strong>ephemeri·</strong></span> 
     </span>
     <span class='ocr_line' id='line_1_30' title="bbox 132 3022 952 3108; baseline 0.004 -28"><span class='ocrx_word' id='word_1_209' title='bbox 132 3023 218 3082; x_wconf 88' lang='lat' dir='ltr'><strong>dibus</strong></span> <span class='ocrx_word' id='word_1_210' title='bbox 237 3022 360 3094; x_wconf 87' lang='lat' dir='ltr'><strong>levibus,</strong></span> <span class='ocrx_word' id='word_1_211' title='bbox 374 3033 404 3082; x_wconf 91' lang='lat' dir='ltr'><strong>et</strong></span> <span class='ocrx_word' id='word_1_212' title='bbox 418 3024 511 3082; x_wconf 90' lang='lat' dir='ltr'><strong>multa</strong></span> <span class='ocrx_word' id='word_1_213' title='bbox 521 3023 565 3082; x_wconf 84' lang='lat' dir='ltr'><strong>vel</strong></span> <span class='ocrx_word' id='word_1_214' title='bbox 578 3024 653 3083; x_wconf 86' lang='lat' dir='ltr'><strong>ntala</strong></span> <span class='ocrx_word' id='word_1_215' title='bbox 675 3023 743 3094; x_wconf 87' lang='lat' dir='ltr'><strong>lide,</strong></span> <span class='ocrx_word' id='word_1_216' title='bbox 754 3024 799 3082; x_wconf 93' lang='lat' dir='ltr'><strong>vel</strong></span> <span class='ocrx_word' id='word_1_217' title='bbox 812 3025 952 3108; x_wconf 81' lang='lat' dir='ltr'><strong>igporan·</strong></span> 
     </span>
     <span class='ocr_line' id='line_1_31' title="bbox 132 3117 948 3195; baseline 0 -21"><span class='ocrx_word' id='word_1_218' title='bbox 132 3120 181 3189; x_wconf 89' lang='lat' dir='ltr'><strong>tio,</strong></span> <span class='ocrx_word' id='word_1_219' title='bbox 190 3135 239 3176; x_wconf 90' lang='lat' dir='ltr'><strong>seu</strong></span> <span class='ocrx_word' id='word_1_220' title='bbox 250 3120 346 3195; x_wconf 85' lang='lat' dir='ltr'><strong>potios</strong></span> <span class='ocrx_word' id='word_1_221' title='bbox 357 3127 479 3194; x_wconf 90' lang='lat' dir='ltr'><strong>utraque</strong></span> <span class='ocrx_word' id='word_1_222' title='bbox 491 3117 665 3195; x_wconf 74' lang='lat' dir='ltr'><strong>insignibus,</strong></span> <span class='ocrx_word' id='word_1_223' title='bbox 673 3129 703 3178; x_wconf 92' lang='lat' dir='ltr'><strong>et</strong></span> <span class='ocrx_word' id='word_1_224' title='bbox 712 3127 821 3176; x_wconf 90' lang='lat' dir='ltr'><strong>vestem</strong></span> <span class='ocrx_word' id='word_1_225' title='bbox 834 3127 948 3177; x_wconf 91' lang='lat' dir='ltr'><strong>tantum</strong></span> 
     </span>
     <span class='ocr_line' id='line_1_32' title="bbox 131 3206 950 3288; baseline 0 -20"><span class='ocrx_word' id='word_1_226' title='bbox 131 3211 329 3288; x_wconf 84' lang='lat' dir='ltr'><strong>exquisitioris</strong></span> <span class='ocrx_word' id='word_1_227' title='bbox 359 3211 498 3270; x_wconf 90' lang='lat' dir='ltr'><strong>scientiae</strong></span> <span class='ocrx_word' id='word_1_228' title='bbox 520 3209 678 3286; x_wconf 89' lang='lat' dir='ltr'><strong>aliqualem</strong></span> <span class='ocrx_word' id='word_1_229' title='bbox 707 3206 950 3288; x_wconf 84' lang='lat' dir='ltr'><strong>praeiacentibus.</strong></span> 
     </span>
     <span class='ocr_line' id='line_1_33' title="bbox 132 3304 950 3380; baseline -0.004 -18"><span class='ocrx_word' id='word_1_230' title='bbox 132 3305 271 3380; x_wconf 84' lang='lat' dir='ltr'><strong>Equidem</strong></span> <span class='ocrx_word' id='word_1_231' title='bbox 298 3322 358 3364; x_wconf 91' lang='lat' dir='ltr'><strong>non</strong></span> <span class='ocrx_word' id='word_1_232' title='bbox 387 3305 412 3370; x_wconf 83' lang='lat' dir='ltr'><strong>is</strong></span> <span class='ocrx_word' id='word_1_233' title='bbox 439 3323 526 3375; x_wconf 89' lang='lat' dir='ltr'><strong>snm,</strong></span> <span class='ocrx_word' id='word_1_234' title='bbox 553 3304 603 3380; x_wconf 91' lang='lat' dir='ltr'><strong>qui</strong></span> <span class='ocrx_word' id='word_1_235' title='bbox 623 3305 755 3364; x_wconf 88' lang='lat' dir='ltr'><strong>concives</strong></span> <span class='ocrx_word' id='word_1_236' title='bbox 774 3321 853 3364; x_wconf 90' lang='lat' dir='ltr'><strong>meos</strong></span> <span class='ocrx_word' id='word_1_237' title='bbox 871 3304 950 3362; x_wconf 91' lang='lat' dir='ltr'><strong>iutra</strong></span> 
     </span>
     <span class='ocr_line' id='line_1_34' title="bbox 131 3395 952 3474; baseline -0.002 -18"><span class='ocrx_word' id='word_1_238' title='bbox 131 3405 210 3474; x_wconf 90' lang='lat' dir='ltr'><strong>septo</strong></span> <span class='ocrx_word' id='word_1_239' title='bbox 224 3395 327 3458; x_wconf 86' lang='lat' dir='ltr'><strong>ltaliae</strong></span> <span class='ocrx_word' id='word_1_240' title='bbox 342 3396 493 3468; x_wconf 74' lang='lat' dir='ltr'><strong>claudam,</strong></span> <span class='ocrx_word' id='word_1_241' title='bbox 509 3395 696 3472; x_wconf 86' lang='lat' dir='ltr'><strong>mihimetipsi</strong></span> <span class='ocrx_word' id='word_1_242' title='bbox 711 3396 952 3466; x_wconf 66' lang='lat' dir='ltr'><strong>contradicerem</strong></span> 
     </span>
     <span class='ocr_line' id='line_1_35' title="bbox 130 3489 950 3566; baseline -0.005 -16"><span class='ocrx_word' id='word_1_243' title='bbox 130 3491 180 3550; x_wconf 88' lang='lat' dir='ltr'><strong>sed</strong></span> <span class='ocrx_word' id='word_1_244' title='bbox 194 3489 333 3552; x_wconf 87' lang='lat' dir='ltr'><strong>liceretne</strong></span> <span class='ocrx_word' id='word_1_245' title='bbox 348 3490 420 3550; x_wconf 92' lang='lat' dir='ltr'><strong>mibi</strong></span> <span class='ocrx_word' id='word_1_246' title='bbox 435 3491 531 3566; x_wconf 90' lang='lat' dir='ltr'><strong>aliqua</strong></span> <span class='ocrx_word' id='word_1_247' title='bbox 545 3507 595 3549; x_wconf 92' lang='lat' dir='ltr'><strong>eos</strong></span> <span class='ocrx_word' id='word_1_248' title='bbox 605 3507 807 3566; x_wconf 88' lang='lat' dir='ltr'><strong>praemonere,</strong></span> <span class='ocrx_word' id='word_1_249' title='bbox 822 3508 858 3550; x_wconf 82' lang='lat' dir='ltr'><strong>ex</strong></span> <span class='ocrx_word' id='word_1_250' title='bbox 874 3489 950 3548; x_wconf 89' lang='lat' dir='ltr'><strong>bono</strong></span> 
     </span>
     <span class='ocr_line' id='line_1_36' title="bbox 131 3579 951 3660; baseline -0.004 -18"><span class='ocrx_word' id='word_1_251' title='bbox 131 3585 233 3642; x_wconf 88' lang='lat' dir='ltr'><strong>saltem</strong></span> <span class='ocrx_word' id='word_1_252' title='bbox 251 3579 421 3642; x_wconf 59' lang='lat' dir='ltr'><strong>voluntate?</strong></span> <span class='ocrx_word' id='word_1_253' title='bbox 441 3583 483 3642; x_wconf 88' lang='lat' dir='ltr'><strong>Nc</strong></span> <span class='ocrx_word' id='word_1_254' title='bbox 503 3601 534 3642; x_wconf 87' lang='lat' dir='ltr'><strong>se</strong></span> <span class='ocrx_word' id='word_1_255' title='bbox 553 3581 723 3642; x_wconf 89' lang='lat' dir='ltr'><strong>humiliores</strong></span> <span class='ocrx_word' id='word_1_256' title='bbox 743 3593 845 3660; x_wconf 88' lang='lat' dir='ltr'><strong>putent</strong></span> <span class='ocrx_word' id='word_1_257' title='bbox 863 3597 951 3658; x_wconf 88' lang='lat' dir='ltr'><strong>quarn</strong></span> 
     </span>
     <span class='ocr_line' id='line_1_37' title="bbox 130 3674 952 3753; baseline 0 -19"><span class='ocrx_word' id='word_1_258' title='bbox 130 3679 205 3748; x_wconf 76' lang='lat' dir='ltr'><strong>sint3</strong></span> <span class='ocrx_word' id='word_1_259' title='bbox 223 3685 253 3736; x_wconf 90' lang='lat' dir='ltr'><strong>et</strong></span> <span class='ocrx_word' id='word_1_260' title='bbox 270 3693 305 3736; x_wconf 82' lang='lat' dir='ltr'><strong>ea</strong></span> <span class='ocrx_word' id='word_1_261' title='bbox 325 3693 360 3736; x_wconf 92' lang='lat' dir='ltr'><strong>ee</strong></span> <span class='ocrx_word' id='word_1_262' title='bbox 376 3677 456 3753; x_wconf 91' lang='lat' dir='ltr'><strong>quod</strong></span> <span class='ocrx_word' id='word_1_263' title='bbox 474 3674 525 3736; x_wconf 88' lang='lat' dir='ltr'><strong>ulli</strong></span> <span class='ocrx_word' id='word_1_264' title='bbox 541 3692 595 3734; x_wconf 89' lang='lat' dir='ltr'><strong>nos</strong></span> <span class='ocrx_word' id='word_1_265' title='bbox 614 3675 837 3736; x_wconf 77' lang='lat' dir='ltr'><strong>conculcantes</strong></span> <span class='ocrx_word' id='word_1_266' title='bbox 853 3692 952 3734; x_wconf 89' lang='lat' dir='ltr'><strong>rerum</strong></span> 
     </span>
     <span class='ocr_line' id='line_1_38' title="bbox 129 3769 953 3850; baseline -0.005 -20"><span class='ocrx_word' id='word_1_267' title='bbox 129 3777 296 3832; x_wconf 90' lang='lat' dir='ltr'><strong>nostrarum</strong></span> <span class='ocrx_word' id='word_1_268' title='bbox 317 3771 482 3850; x_wconf 88' lang='lat' dir='ltr'><strong>ignorantia</strong></span> <span class='ocrx_word' id='word_1_269' title='bbox 502 3789 581 3842; x_wconf 90' lang='lat' dir='ltr'><strong>vera,</strong></span> <span class='ocrx_word' id='word_1_270' title='bbox 599 3771 645 3830; x_wconf 91' lang='lat' dir='ltr'><strong>vcl</strong></span> <span class='ocrx_word' id='word_1_271' title='bbox 664 3769 806 3842; x_wconf 85' lang='lat' dir='ltr'><strong>allectam,</strong></span> <span class='ocrx_word' id='word_1_272' title='bbox 824 3781 874 3830; x_wconf 93' lang='lat' dir='ltr'><strong>aut</strong></span> <span class='ocrx_word' id='word_1_273' title='bbox 890 3770 953 3828; x_wconf 89' lang='lat' dir='ltr'><strong>aliis</strong></span> 
     </span>
     <span class='ocr_line' id='line_1_39' title="bbox 129 3861 953 3940; baseline -0.001 -20"><span class='ocrx_word' id='word_1_274' title='bbox 129 3865 166 3924; x_wconf 86' lang='lat' dir='ltr'><strong>cle</strong></span> <span class='ocrx_word' id='word_1_275' title='bbox 185 3867 335 3936; x_wconf 70' lang='lat' dir='ltr'><strong>caesique</strong></span> <span class='ocrx_word' id='word_1_276' title='bbox 350 3883 403 3924; x_wconf 86' lang='lat' dir='ltr'><strong>nos</strong></span> <span class='ocrx_word' id='word_1_277' title='bbox 416 3867 539 3924; x_wconf 90' lang='lat' dir='ltr'><strong>omnino</strong></span> <span class='ocrx_word' id='word_1_278' title='bbox 552 3881 655 3926; x_wconf 89' lang='lat' dir='ltr'><strong>eornm</strong></span> <span class='ocrx_word' id='word_1_279' title='bbox 670 3871 838 3938; x_wconf 91' lang='lat' dir='ltr'><strong>contemptu</strong></span> <span class='ocrx_word' id='word_1_280' title='bbox 848 3861 953 3940; x_wconf 80' lang='lat' dir='ltr'><strong>dignm</strong></span> 
     </span>
     <span class='ocr_line' id='line_1_40' title="bbox 128 3955 952 4034; baseline -0.007 -16"><span class='ocrx_word' id='word_1_281' title='bbox 128 3957 292 4030; x_wconf 89' lang='lat' dir='ltr'><strong>credamus,</strong></span> <span class='ocrx_word' id='word_1_282' title='bbox 309 3971 337 4018; x_wconf 88' lang='lat' dir='ltr'><strong>et</strong></span> <span class='ocrx_word' id='word_1_283' title='bbox 352 3975 454 4018; x_wconf 87' lang='lat' dir='ltr'><strong>revera</strong></span> <span class='ocrx_word' id='word_1_284' title='bbox 473 3975 537 4016; x_wconf 89' lang='lat' dir='ltr'><strong>esse</strong></span> <span class='ocrx_word' id='word_1_285' title='bbox 552 3973 625 4034; x_wconf 90' lang='lat' dir='ltr'><strong>quos</strong></span> <span class='ocrx_word' id='word_1_286' title='bbox 643 3955 755 4027; x_wconf 87' lang='lat' dir='ltr'><strong>dieunt,</strong></span> <span class='ocrx_word' id='word_1_287' title='bbox 768 3955 884 4034; x_wconf 87' lang='lat' dir='ltr'><strong>indigos</strong></span> <span class='ocrx_word' id='word_1_288' title='bbox 903 3955 952 4030; x_wconf 89' lang='lat' dir='ltr'><strong>qni</strong></span> 
     </span>
     <span class='ocr_line' id='line_1_41' title="bbox 128 4047 952 4128; baseline -0.002 -18"><span class='ocrx_word' id='word_1_289' title='bbox 128 4052 232 4111; x_wconf 89' lang='lat' dir='ltr'><strong>saltem</strong></span> <span class='ocrx_word' id='word_1_290' title='bbox 253 4052 337 4128; x_wconf 92' lang='lat' dir='ltr'><strong>plura</strong></span> <span class='ocrx_word' id='word_1_291' title='bbox 347 4051 386 4110; x_wconf 90' lang='lat' dir='ltr'><strong>ab</strong></span> <span class='ocrx_word' id='word_1_292' title='bbox 399 4051 464 4110; x_wconf 88' lang='lat' dir='ltr'><strong>aliia</strong></span> <span class='ocrx_word' id='word_1_293' title='bbox 480 4067 639 4110; x_wconf 86' lang='lat' dir='ltr'><strong>sumamus.</strong></span> <span class='ocrx_word' id='word_1_294' title='bbox 652 4047 952 4110; x_wconf 83' lang='lat' dir='ltr'><strong>Animadvertendum</strong></span> 
     </span>
     <span class='ocr_line' id='line_1_42' title="bbox 128 4141 953 4223; baseline -0.002 -17"><span class='ocrx_word' id='word_1_295' title='bbox 128 4149 208 4207; x_wconf 88' lang='lat' dir='ltr'><strong>enim</strong></span> <span class='ocrx_word' id='word_1_296' title='bbox 228 4149 256 4208; x_wconf 92' lang='lat' dir='ltr'><strong>io</strong></span> <span class='ocrx_word' id='word_1_297' title='bbox 277 4147 380 4223; x_wconf 87' lang='lat' dir='ltr'><strong>primis</strong></span> <span class='ocrx_word' id='word_1_298' title='bbox 399 4163 516 4206; x_wconf 91' lang='lat' dir='ltr'><strong>omnem</strong></span> <span class='ocrx_word' id='word_1_299' title='bbox 534 4145 683 4206; x_wconf 87' lang='lat' dir='ltr'><strong>nationem</strong></span> <span class='ocrx_word' id='word_1_300' title='bbox 700 4141 827 4204; x_wconf 87' lang='lat' dir='ltr'><strong>indoleat</strong></span> <span class='ocrx_word' id='word_1_301' title='bbox 842 4143 953 4204; x_wconf 90' lang='lat' dir='ltr'><strong>babere</strong></span> 
     </span>
     <span class='ocr_line' id='line_1_43' title="bbox 129 4237 952 4315; baseline -0.001 -18"><span class='ocrx_word' id='word_1_302' title='bbox 129 4238 186 4298; x_wconf 89' lang='lat' dir='ltr'><strong>sibi</strong></span> <span class='ocrx_word' id='word_1_303' title='bbox 206 4239 393 4314; x_wconf 88' lang='lat' dir='ltr'><strong>peculiarem,</strong></span> <span class='ocrx_word' id='word_1_304' title='bbox 410 4239 492 4314; x_wconf 81' lang='lat' dir='ltr'><strong>justa</strong></span> <span class='ocrx_word' id='word_1_305' title='bbox 512 4255 601 4314; x_wconf 90' lang='lat' dir='ltr'><strong>quom</strong></span> <span class='ocrx_word' id='word_1_306' title='bbox 620 4237 683 4315; x_wconf 88' lang='lat' dir='ltr'><strong>ejus</strong></span> <span class='ocrx_word' id='word_1_307' title='bbox 698 4237 827 4296; x_wconf 84' lang='lat' dir='ltr'><strong>evolutio</strong></span> <span class='ocrx_word' id='word_1_308' title='bbox 854 4239 952 4298; x_wconf 88' lang='lat' dir='ltr'><strong>omnis</strong></span> 
     </span>
     <span class='ocr_line' id='line_1_44' title="bbox 127 4325 950 4406; baseline 0.001 -21"><span class='ocrx_word' id='word_1_309' title='bbox 127 4325 293 4404; x_wconf 88' lang='lat' dir='ltr'><strong>dirigenda,</strong></span> <span class='ocrx_word' id='word_1_310' title='bbox 311 4337 345 4388; x_wconf 92' lang='grc' dir='ltr'><strong>ιιι</strong></span> <span class='ocrx_word' id='word_1_311' title='bbox 363 4338 394 4388; x_wconf 88' lang='grc' dir='ltr'><strong>ιι</strong></span> <span class='ocrx_word' id='word_1_312' title='bbox 413 4330 529 4406; x_wconf 88' lang='lat' dir='ltr'><strong>propria</strong></span> <span class='ocrx_word' id='word_1_313' title='bbox 547 4339 578 4388; x_wconf 90' lang='lat' dir='ltr'><strong>et</strong></span> <span class='ocrx_word' id='word_1_314' title='bbox 597 4327 754 4404; x_wconf 90' lang='lat' dir='ltr'><strong>perlectier</strong></span> <span class='ocrx_word' id='word_1_315' title='bbox 779 4335 808 4386; x_wconf 87' lang='lat' dir='ltr'><strong>et</strong></span> <span class='ocrx_word' id='word_1_316' title='bbox 836 4325 950 4404; x_wconf 88' lang='lat' dir='ltr'><strong>plenior</strong></span> 
     </span>
     <span class='ocr_line' id='line_1_45' title="bbox 128 4418 949 4498; baseline 0 -18"><span class='ocrx_word' id='word_1_317' title='bbox 128 4421 310 4492; x_wconf 66' lang='grc' dir='ltr'>ιιιιιιιιιιιιι</span> <span class='ocrx_word' id='word_1_318' title='bbox 330 4432 428 4480; x_wconf 86' lang='lat' dir='ltr'><strong>autem</strong></span> <span class='ocrx_word' id='word_1_319' title='bbox 448 4420 574 4498; x_wconf 89' lang='lat' dir='ltr'><strong>primam</strong></span> <span class='ocrx_word' id='word_1_320' title='bbox 589 4437 671 4490; x_wconf 89' lang='lat' dir='ltr'><strong>csse,</strong></span> <span class='ocrx_word' id='word_1_321' title='bbox 697 4431 728 4480; x_wconf 93' lang='lat' dir='ltr'><strong>nt</strong></span> <span class='ocrx_word' id='word_1_322' title='bbox 747 4418 819 4480; x_wconf 90' lang='lat' dir='ltr'><strong>hacc</strong></span> <span class='ocrx_word' id='word_1_323' title='bbox 841 4437 949 4498; x_wconf 91' lang='lat' dir='ltr'><strong>cogno·</strong></span> 
     </span>
     <span class='ocr_line' id='line_1_46' title="bbox 127 4499 948 4590; baseline 0.002 -20"><span class='ocrx_word' id='word_1_324' title='bbox 127 4523 240 4584; x_wconf 78' lang='lat' dir='ltr'><strong>scater,</strong></span> <span class='ocrx_word' id='word_1_325' title='bbox 258 4523 290 4572; x_wconf 94' lang='lat' dir='ltr'><strong>ut</strong></span> <span class='ocrx_word' id='word_1_326' title='bbox 309 4511 351 4572; x_wconf 91' lang='lat' dir='ltr'><strong>illi</strong></span> <span class='ocrx_word' id='word_1_327' title='bbox 370 4514 540 4574; x_wconf 89' lang='lat' dir='ltr'><strong>attendatur</strong></span> <span class='ocrx_word' id='word_1_328' title='bbox 559 4514 589 4572; x_wconf 93' lang='lat' dir='ltr'><strong>in</strong></span> <span class='ocrx_word' id='word_1_329' title='bbox 608 4515 669 4590; x_wconf 88' lang='lat' dir='ltr'><strong>ipsa</strong></span> <span class='ocrx_word' id='word_1_330' title='bbox 688 4511 852 4572; x_wconf 89' lang='lat' dir='ltr'><strong>studiorum</strong></span> <span class='ocrx_word' id='word_1_331' title='bbox 870 4499 948 4574; x_wconf 83' lang='lat' dir='ltr'><strong>enli-</strong></span> 
     </span>
     <span class='ocr_line' id='line_1_47' title="bbox 128 4605 947 4684; baseline -0.002 -18"><span class='ocrx_word' id='word_1_332' title='bbox 128 4607 248 4668; x_wconf 90' lang='lat' dir='ltr'><strong>natione</strong></span> <span class='ocrx_word' id='word_1_333' title='bbox 267 4617 329 4668; x_wconf 89' lang='lat' dir='ltr'><strong>tum</strong></span> <span class='ocrx_word' id='word_1_334' title='bbox 349 4624 424 4684; x_wconf 90' lang='lat' dir='ltr'><strong>quae</strong></span> <span class='ocrx_word' id='word_1_335' title='bbox 444 4609 474 4668; x_wconf 92' lang='lat' dir='ltr'><strong>in</strong></span> <span class='ocrx_word' id='word_1_336' title='bbox 493 4607 605 4668; x_wconf 88' lang='lat' dir='ltr'><strong>scltolas</strong></span> <span class='ocrx_word' id='word_1_337' title='bbox 623 4609 662 4666; x_wconf 91' lang='lat' dir='ltr'><strong>sit</strong></span> <span class='ocrx_word' id='word_1_338' title='bbox 681 4605 865 4677; x_wconf 86' lang='lat' dir='ltr'><strong>inclucenclu,</strong></span> <span class='ocrx_word' id='word_1_339' title='bbox 885 4617 947 4666; x_wconf 87' lang='grc' dir='ltr'>ιιιιι</span> 
     </span>
     <span class='ocr_line' id='line_1_48' title="bbox 126 4699 952 4776; baseline 0.002 -18"><span class='ocrx_word' id='word_1_340' title='bbox 126 4717 217 4776; x_wconf 90' lang='lat' dir='ltr'><strong>qnam</strong></span> <span class='ocrx_word' id='word_1_341' title='bbox 237 4699 342 4776; x_wconf 86' lang='lat' dir='ltr'><strong>privati</strong></span> <span class='ocrx_word' id='word_1_342' title='bbox 361 4709 530 4774; x_wconf 87' lang='lat' dir='ltr'><strong>sequantur.</strong></span> <span class='ocrx_word' id='word_1_343' title='bbox 549 4699 608 4758; x_wconf 82' lang='lat' dir='ltr'><strong>Nec</strong></span> <span class='ocrx_word' id='word_1_344' title='bbox 626 4715 706 4768; x_wconf 89' lang='lat' dir='ltr'><strong>vero,</strong></span> <span class='ocrx_word' id='word_1_345' title='bbox 720 4708 753 4758; x_wconf 90' lang='lat' dir='ltr'><strong>nt</strong></span> <span class='ocrx_word' id='word_1_346' title='bbox 769 4700 848 4774; x_wconf 90' lang='lat' dir='ltr'><strong>genti</strong></span> <span class='ocrx_word' id='word_1_347' title='bbox 865 4699 952 4760; x_wconf 84' lang='lat' dir='ltr'><strong>niodo</strong></span> 
     </span>
     <span class='ocr_line' id='line_1_49' title="bbox 126 4789 951 4870; baseline 0 -18"><span class='ocrx_word' id='word_1_348' title='bbox 126 4811 143 4852; x_wconf 88' lang='grc' dir='ltr'><strong>ι</strong></span> <span class='ocrx_word' id='word_1_349' title='bbox 162 4791 301 4854; x_wconf 87' lang='lat' dir='ltr'><strong>barbarie</strong></span> <span class='ocrx_word' id='word_1_350' title='bbox 319 4792 495 4870; x_wconf 87' lang='lat' dir='ltr'><strong>egredienti,</strong></span> <span class='ocrx_word' id='word_1_351' title='bbox 514 4789 569 4852; x_wconf 86' lang='lat' dir='ltr'><strong>hoe</strong></span> <span class='ocrx_word' id='word_1_352' title='bbox 586 4789 705 4850; x_wconf 86' lang='lat' dir='ltr'><strong>difficile</strong></span> <span class='ocrx_word' id='word_1_353' title='bbox 719 4790 814 4861; x_wconf 88' lang='lat' dir='ltr'><strong>nohis,</strong></span> <span class='ocrx_word' id='word_1_354' title='bbox 827 4793 878 4866; x_wconf 93' lang='lat' dir='ltr'><strong>qui</strong></span> <span class='ocrx_word' id='word_1_355' title='bbox 890 4793 951 4869; x_wconf 84' lang='lat' dir='ltr'><strong>jam</strong></span> 
     </span>
     <span class='ocr_line' id='line_1_50' title="bbox 127 4881 951 4964; baseline 0.005 -24"><span class='ocrx_word' id='word_1_356' title='bbox 127 4883 254 4962; x_wconf 78' lang='lat' dir='ltr'><strong>epochas</strong></span> <span class='ocrx_word' id='word_1_357' title='bbox 271 4881 411 4944; x_wconf 85' lang='lat' dir='ltr'><strong>llorentes</strong></span> <span class='ocrx_word' id='word_1_358' title='bbox 434 4885 532 4964; x_wconf 89' lang='lat' dir='ltr'><strong>plures</strong></span> <span class='ocrx_word' id='word_1_359' title='bbox 551 4882 726 4957; x_wconf 89' lang='lat' dir='ltr'><strong>habuimus,</strong></span> <span class='ocrx_word' id='word_1_360' title='bbox 750 4901 845 4962; x_wconf 89' lang='lat' dir='ltr'><strong>neque</strong></span> <span class='ocrx_word' id='word_1_361' title='bbox 863 4885 951 4944; x_wconf 87' lang='lat' dir='ltr'><strong>etiam</strong></span> 
     </span>
     <span class='ocr_line' id='line_1_51' title="bbox 127 4979 951 5054; baseline -0.002 -16"><span class='ocrx_word' id='word_1_362' title='bbox 127 4997 209 5038; x_wconf 91' lang='lat' dir='ltr'><strong>nnnc</strong></span> <span class='ocrx_word' id='word_1_363' title='bbox 227 4979 342 5038; x_wconf 91' lang='lat' dir='ltr'><strong>ruinam</strong></span> <span class='ocrx_word' id='word_1_364' title='bbox 357 4979 491 5040; x_wconf 87' lang='lat' dir='ltr'><strong>omnium</strong></span> <span class='ocrx_word' id='word_1_365' title='bbox 506 4995 605 5040; x_wconf 89' lang='lat' dir='ltr'><strong>rerum</strong></span> <span class='ocrx_word' id='word_1_366' title='bbox 619 4981 740 5050; x_wconf 88' lang='lat' dir='ltr'><strong>ruimus,</strong></span> <span class='ocrx_word' id='word_1_367' title='bbox 751 4988 829 5054; x_wconf 89' lang='lat' dir='ltr'><strong>puto.</strong></span> <span class='ocrx_word' id='word_1_368' title='bbox 845 4979 951 5036; x_wconf 88' lang='lat' dir='ltr'><strong>Omuia</strong></span> 
     </span>
     <span class='ocr_line' id='line_1_52' title="bbox 126 5069 951 5150; baseline -0.004 -18"><span class='ocrx_word' id='word_1_369' title='bbox 126 5071 248 5148; x_wconf 87' lang='lat' dir='ltr'><strong>quidem</strong></span> <span class='ocrx_word' id='word_1_370' title='bbox 258 5083 426 5133; x_wconf 81' lang='lat' dir='ltr'><strong>exterarum</strong></span> <span class='ocrx_word' id='word_1_371' title='bbox 437 5072 589 5133; x_wconf 89' lang='lat' dir='ltr'><strong>nationum</strong></span> <span class='ocrx_word' id='word_1_372' title='bbox 599 5069 777 5150; x_wconf 85' lang='lat' dir='ltr'><strong>systheutata</strong></span> <span class='ocrx_word' id='word_1_373' title='bbox 786 5069 951 5130; x_wconf 87' lang='lat' dir='ltr'><strong>studiorum</strong></span> 
     </span>
     <span class='ocr_line' id='line_1_53' title="bbox 128 5163 953 5242; baseline 0.002 -20"><span class='ocrx_word' id='word_1_374' title='bbox 128 5163 323 5242; x_wconf 81' lang='lat' dir='ltr'><strong>inquiramus,</strong></span> <span class='ocrx_word' id='word_1_375' title='bbox 333 5165 451 5242; x_wconf 92' lang='lat' dir='ltr'><strong>utquod</strong></span> <span class='ocrx_word' id='word_1_376' title='bbox 464 5166 494 5226; x_wconf 91' lang='lat' dir='ltr'><strong>in</strong></span> <span class='ocrx_word' id='word_1_377' title='bbox 505 5176 639 5226; x_wconf 90' lang='lat' dir='ltr'><strong>nostrum</strong></span> <span class='ocrx_word' id='word_1_378' title='bbox 653 5183 738 5224; x_wconf 89' lang='lat' dir='ltr'><strong>nsunt</strong></span> <span class='ocrx_word' id='word_1_379' title='bbox 749 5163 953 5242; x_wconf 80' lang='lat' dir='ltr'><strong>eonvertipes·</strong></span> 
     </span>
     <span class='ocr_line' id='line_1_54' title="bbox 125 5245 952 5337; baseline 0.002 -21"><span class='ocrx_word' id='word_1_380' title='bbox 125 5245 453 5330; x_wconf 65' lang='lat' dir='ltr'><strong>steconvertsiouqseu</strong></span> <span class='ocrx_word' id='word_1_381' title='bbox 463 5269 549 5320; x_wconf 87' lang='lat' dir='ltr'><strong>antea</strong></span> <span class='ocrx_word' id='word_1_382' title='bbox 563 5269 660 5320; x_wconf 88' lang='lat' dir='ltr'><strong>nostra</strong></span> <span class='ocrx_word' id='word_1_383' title='bbox 670 5269 769 5320; x_wconf 85' lang='lat' dir='ltr'><strong>vetera</strong></span> <span class='ocrx_word' id='word_1_384' title='bbox 780 5257 952 5337; x_wconf 86' lang='lat' dir='ltr'><strong>pervestige-</strong></span> 
     </span>
     <span class='ocr_line' id='line_1_55' title="bbox 127 5349 951 5430; baseline 0 -18"><span class='ocrx_word' id='word_1_385' title='bbox 127 5367 195 5412; x_wconf 86' lang='lat' dir='ltr'><strong>rnns</strong></span> <span class='ocrx_word' id='word_1_386' title='bbox 209 5367 262 5426; x_wconf 88' lang='lat' dir='ltr'><strong>pre</strong></span> <span class='ocrx_word' id='word_1_387' title='bbox 276 5349 362 5414; x_wconf 86' lang='lat' dir='ltr'><strong>nohis</strong></span> <span class='ocrx_word' id='word_1_388' title='bbox 378 5353 524 5422; x_wconf 85' lang='lat' dir='ltr'><strong>instituta,</strong></span> <span class='ocrx_word' id='word_1_389' title='bbox 536 5363 567 5414; x_wconf 87' lang='lat' dir='ltr'><strong>et</strong></span> <span class='ocrx_word' id='word_1_390' title='bbox 580 5369 615 5412; x_wconf 80' lang='grc' dir='ltr'><strong>ιι</strong></span> <span class='ocrx_word' id='word_1_391' title='bbox 632 5351 759 5430; x_wconf 88' lang='lat' dir='ltr'><strong>plurima</strong></span> <span class='ocrx_word' id='word_1_392' title='bbox 769 5353 951 5428; x_wconf 84' lang='lat' dir='ltr'><strong>experientia</strong></span> 
     </span>
     <span class='ocr_line' id='line_1_56' title="bbox 126 5441 952 5524; baseline 0.005 -22"><span class='ocrx_word' id='word_1_393' title='bbox 126 5453 155 5502; x_wconf 89' lang='grc' dir='ltr'><strong>ιι</strong></span> <span class='ocrx_word' id='word_1_394' title='bbox 174 5441 363 5518; x_wconf 84' lang='lat' dir='ltr'><strong>comprobata</strong></span> <span class='ocrx_word' id='word_1_395' title='bbox 382 5455 413 5504; x_wconf 91' lang='lat' dir='ltr'><strong>et</strong></span> <span class='ocrx_word' id='word_1_396' title='bbox 431 5447 461 5505; x_wconf 92' lang='lat' dir='ltr'><strong>iu</strong></span> <span class='ocrx_word' id='word_1_397' title='bbox 492 5445 644 5508; x_wconf 87' lang='lat' dir='ltr'><strong>meliorem</strong></span> <span class='ocrx_word' id='word_1_398' title='bbox 662 5444 860 5508; x_wconf 88' lang='lat' dir='ltr'><strong>conditionem</strong></span> <span class='ocrx_word' id='word_1_399' title='bbox 885 5461 952 5524; x_wconf 86' lang='lat' dir='ltr'><strong>pro·</strong></span> 
     </span>
     <span class='ocr_line' id='line_1_57' title="bbox 128 5535 951 5616; baseline 0.005 -22"><span class='ocrx_word' id='word_1_400' title='bbox 128 5547 223 5596; x_wconf 76' lang='lat' dir='ltr'><strong>vecta.</strong></span> <span class='ocrx_word' id='word_1_401' title='bbox 237 5535 451 5600; x_wconf 78' lang='lat' dir='ltr'><strong>Praestantiora</strong></span> <span class='ocrx_word' id='word_1_402' title='bbox 470 5539 558 5598; x_wconf 87' lang='lat' dir='ltr'><strong>etiam</strong></span> <span class='ocrx_word' id='word_1_403' title='bbox 572 5537 726 5600; x_wconf 87' lang='lat' dir='ltr'><strong>doctorum</strong></span> <span class='ocrx_word' id='word_1_404' title='bbox 739 5539 866 5616; x_wconf 87' lang='lat' dir='ltr'><strong>cujusvis</strong></span> <span class='ocrx_word' id='word_1_405' title='bbox 879 5555 951 5614; x_wconf 87' lang='lat' dir='ltr'><strong>geu·</strong></span> 
     </span>
     <span class='ocr_line' id='line_1_58' title="bbox 130 5628 952 5712; baseline 0.004 -22"><span class='ocrx_word' id='word_1_406' title='bbox 130 5633 166 5690; x_wconf 84' lang='lat' dir='ltr'><strong>tis</strong></span> <span class='ocrx_word' id='word_1_407' title='bbox 184 5645 274 5706; x_wconf 84' lang='lat' dir='ltr'><strong>opera</strong></span> <span class='ocrx_word' id='word_1_408' title='bbox 293 5631 493 5711; x_wconf 79' lang='lat' dir='ltr'><strong>perlegamus,</strong></span> <span class='ocrx_word' id='word_1_409' title='bbox 511 5628 565 5692; x_wconf 87' lang='lat' dir='ltr'><strong>aed</strong></span> <span class='ocrx_word' id='word_1_410' title='bbox 584 5649 622 5690; x_wconf 87' lang='lat' dir='ltr'><strong>oe</strong></span> <span class='ocrx_word' id='word_1_411' title='bbox 640 5641 741 5694; x_wconf 89' lang='lat' dir='ltr'><strong>nostra</strong></span> <span class='ocrx_word' id='word_1_412' title='bbox 759 5630 952 5712; x_wconf 82' lang='lat' dir='ltr'><strong>negligamus,</strong></span> 
     </span>
    </p>
   </div>
   <div class='ocr_carea' id='block_1_6' title="bbox 1038 327 1895 5710">
    <p class='ocr_par' dir='ltr' id='par_1_6' title="bbox 1044 327 1867 574">
     <span class='ocr_line' id='line_1_59' title="bbox 1046 327 1866 408; baseline 0.012 -26"><span class='ocrx_word' id='word_1_413' title='bbox 1046 341 1065 382; x_wconf 83' lang='lat' dir='ltr'><strong>a</strong></span> <span class='ocrx_word' id='word_1_414' title='bbox 1082 327 1188 386; x_wconf 89' lang='lat' dir='ltr'><strong>nostris</strong></span> <span class='ocrx_word' id='word_1_415' title='bbox 1204 327 1355 404; x_wconf 91' lang='lat' dir='ltr'><strong>pronubis</strong></span> <span class='ocrx_word' id='word_1_416' title='bbox 1370 329 1486 408; x_wconf 89' lang='lat' dir='ltr'><strong>scripto,</strong></span> <span class='ocrx_word' id='word_1_417' title='bbox 1500 328 1529 388; x_wconf 92' lang='lat' dir='ltr'><strong>in</strong></span> <span class='ocrx_word' id='word_1_418' title='bbox 1545 327 1652 405; x_wconf 92' lang='lat' dir='ltr'><strong>quibus</strong></span> <span class='ocrx_word' id='word_1_419' title='bbox 1671 327 1771 401; x_wconf 87' lang='lat' dir='ltr'><strong>ctiam,</strong></span> <span class='ocrx_word' id='word_1_420' title='bbox 1783 343 1866 408; x_wconf 84' lang='lat' dir='ltr'><strong>prae·</strong></span> 
     </span>
     <span class='ocr_line' id='line_1_60' title="bbox 1046 420 1867 500; baseline 0.007 -22"><span class='ocrx_word' id='word_1_421' title='bbox 1046 420 1149 478; x_wconf 87' lang='lat' dir='ltr'><strong>sertim</strong></span> <span class='ocrx_word' id='word_1_422' title='bbox 1169 420 1333 492; x_wconf 87' lang='lat' dir='ltr'><strong>veteribus,</strong></span> <span class='ocrx_word' id='word_1_423' title='bbox 1353 423 1536 482; x_wconf 88' lang='lat' dir='ltr'><strong>inveniemus</strong></span> <span class='ocrx_word' id='word_1_424' title='bbox 1556 421 1812 500; x_wconf 70' lang='lat' dir='ltr'><strong>interdumque</strong></span> <span class='ocrx_word' id='word_1_425' title='bbox 1835 435 1867 485; x_wconf 93' lang='lat' dir='ltr'><strong>nt</strong></span> 
     </span>
     <span class='ocr_line' id='line_1_61' title="bbox 1044 513 1452 574; baseline 0.01 -4"><span class='ocrx_word' id='word_1_426' title='bbox 1044 528 1118 570; x_wconf 91' lang='lat' dir='ltr'><strong>nova</strong></span> <span class='ocrx_word' id='word_1_427' title='bbox 1139 513 1224 572; x_wconf 88' lang='lat' dir='ltr'><strong>nobis</strong></span> <span class='ocrx_word' id='word_1_428' title='bbox 1242 513 1452 574; x_wconf 89' lang='lat' dir='ltr'><strong>obtruduntur.</strong></span> 
     </span>
    </p>

    <p class='ocr_par' dir='ltr' id='par_1_7' title="bbox 1042 605 1869 2825">
     <span class='ocr_line' id='line_1_62' title="bbox 1078 605 1865 670; baseline 0.005 -6"><span class='ocrx_word' id='word_1_429' title='bbox 1078 605 1138 664; x_wconf 86' lang='lat' dir='ltr'><strong>Neo</strong></span> <span class='ocrx_word' id='word_1_430' title='bbox 1162 624 1230 664; x_wconf 89' lang='lat' dir='ltr'><strong>vero</strong></span> <span class='ocrx_word' id='word_1_431' title='bbox 1254 605 1357 665; x_wconf 86' lang='lat' dir='ltr'><strong>leviter</strong></span> <span class='ocrx_word' id='word_1_432' title='bbox 1381 608 1479 664; x_wconf 85' lang='lat' dir='ltr'><strong>ovnnia</strong></span> <span class='ocrx_word' id='word_1_433' title='bbox 1503 616 1670 668; x_wconf 86' lang='lat' dir='ltr'><strong>exterorum</strong></span> <span class='ocrx_word' id='word_1_434' title='bbox 1695 609 1753 668; x_wconf 88' lang='lat' dir='ltr'><strong>mei</strong></span> <span class='ocrx_word' id='word_1_435' title='bbox 1774 608 1865 670; x_wconf 87' lang='lat' dir='ltr'><strong>susci·</strong></span> 
     </span>
     <span class='ocr_line' id='line_1_63' title="bbox 1044 699 1868 781; baseline 0.01 -25"><span class='ocrx_word' id='word_1_436' title='bbox 1044 700 1136 778; x_wconf 90' lang='lat' dir='ltr'><strong>piant,</strong></span> <span class='ocrx_word' id='word_1_437' title='bbox 1147 701 1198 760; x_wconf 89' lang='lat' dir='ltr'><strong>sed</strong></span> <span class='ocrx_word' id='word_1_438' title='bbox 1211 699 1326 778; x_wconf 84' lang='lat' dir='ltr'><strong>singula</strong></span> <span class='ocrx_word' id='word_1_439' title='bbox 1338 699 1449 778; x_wconf 83' lang='lat' dir='ltr'><strong>analysi</strong></span> <span class='ocrx_word' id='word_1_440' title='bbox 1461 719 1580 760; x_wconf 88' lang='lat' dir='ltr'><strong>severae</strong></span> <span class='ocrx_word' id='word_1_441' title='bbox 1589 701 1868 781; x_wconf 81' lang='lat' dir='ltr'><strong>subjiciant,judieie</strong></span> 
     </span>
     <span class='ocr_line' id='line_1_64' title="bbox 1045 793 1868 872; baseline 0.004 -20"><span class='ocrx_word' id='word_1_442' title='bbox 1045 797 1171 870; x_wconf 91' lang='lat' dir='ltr'><strong>practico</strong></span> <span class='ocrx_word' id='word_1_443' title='bbox 1193 805 1327 867; x_wconf 89' lang='lat' dir='ltr'><strong>utentes,</strong></span> <span class='ocrx_word' id='word_1_444' title='bbox 1351 794 1428 871; x_wconf 94' lang='lat' dir='ltr'><strong>quod</strong></span> <span class='ocrx_word' id='word_1_445' title='bbox 1447 812 1512 854; x_wconf 91' lang='lat' dir='ltr'><strong>cum</strong></span> <span class='ocrx_word' id='word_1_446' title='bbox 1528 793 1592 865; x_wconf 90' lang='lat' dir='ltr'><strong>illa,</strong></span> <span class='ocrx_word' id='word_1_447' title='bbox 1612 797 1669 854; x_wconf 86' lang='lat' dir='ltr'><strong>nisi</strong></span> <span class='ocrx_word' id='word_1_448' title='bbox 1689 815 1736 856; x_wconf 90' lang='lat' dir='ltr'><strong>me</strong></span> <span class='ocrx_word' id='word_1_449' title='bbox 1756 797 1868 872; x_wconf 85' lang='lat' dir='ltr'><strong>patriae</strong></span> 
     </span>
     <span class='ocr_line' id='line_1_65' title="bbox 1045 887 1866 968; baseline 0.005 -22"><span class='ocrx_word' id='word_1_450' title='bbox 1045 905 1126 946; x_wconf 90' lang='lat' dir='ltr'><strong>amor</strong></span> <span class='ocrx_word' id='word_1_451' title='bbox 1150 887 1269 964; x_wconf 87' lang='lat' dir='ltr'><strong>decipit,</strong></span> <span class='ocrx_word' id='word_1_452' title='bbox 1289 887 1319 946; x_wconf 94' lang='lat' dir='ltr'><strong>in</strong></span> <span class='ocrx_word' id='word_1_453' title='bbox 1338 887 1380 948; x_wconf 88' lang='lat' dir='ltr'><strong>cis</strong></span> <span class='ocrx_word' id='word_1_454' title='bbox 1399 904 1468 963; x_wconf 93' lang='lat' dir='ltr'><strong>prae</strong></span> <span class='ocrx_word' id='word_1_455' title='bbox 1493 890 1597 946; x_wconf 84' lang='lat' dir='ltr'><strong>ceteris</strong></span> <span class='ocrx_word' id='word_1_456' title='bbox 1616 887 1795 968; x_wconf 89' lang='lat' dir='ltr'><strong>deprehendi</strong></span> <span class='ocrx_word' id='word_1_457' title='bbox 1803 911 1811 960; x_wconf 65' lang='grc' dir='ltr'><strong>ι</strong></span> <span class='ocrx_word' id='word_1_458' title='bbox 1836 891 1866 950; x_wconf 93' lang='lat' dir='ltr'><strong>in</strong></span> 
     </span>
     <span class='ocr_line' id='line_1_66' title="bbox 1044 980 1869 1056; baseline 0.007 -18"><span class='ocrx_word' id='word_1_459' title='bbox 1044 981 1217 1040; x_wconf 91' lang='lat' dir='ltr'><strong>documenta</strong></span> <span class='ocrx_word' id='word_1_460' title='bbox 1237 984 1348 1052; x_wconf 90' lang='lat' dir='ltr'><strong>oblato,</strong></span> <span class='ocrx_word' id='word_1_461' title='bbox 1367 982 1396 1040; x_wconf 91' lang='lat' dir='ltr'><strong>in</strong></span> <span class='ocrx_word' id='word_1_462' title='bbox 1416 980 1478 1040; x_wconf 90' lang='lat' dir='ltr'><strong>loca</strong></span> <span class='ocrx_word' id='word_1_463' title='bbox 1499 981 1651 1056; x_wconf 89' lang='lat' dir='ltr'><strong>probantia</strong></span> <span class='ocrx_word' id='word_1_464' title='bbox 1671 982 1757 1042; x_wconf 88' lang='lat' dir='ltr'><strong>allata</strong></span> <span class='ocrx_word' id='word_1_465' title='bbox 1776 985 1869 1044; x_wconf 87' lang='lat' dir='ltr'><strong>subti-</strong></span> 
     </span>
     <span class='ocr_line' id='line_1_67' title="bbox 1044 1073 1867 1156; baseline 0.007 -24"><span class='ocrx_word' id='word_1_466' title='bbox 1044 1075 1111 1132; x_wconf 88' lang='lat' dir='ltr'><strong>liter</strong></span> <span class='ocrx_word' id='word_1_467' title='bbox 1129 1077 1296 1150; x_wconf 88' lang='lat' dir='ltr'><strong>ioquiraot;</strong></span> <span class='ocrx_word' id='word_1_468' title='bbox 1315 1092 1373 1133; x_wconf 91' lang='lat' dir='ltr'><strong>nuo</strong></span> <span class='ocrx_word' id='word_1_469' title='bbox 1395 1073 1565 1134; x_wconf 85' lang='lat' dir='ltr'><strong>harmonico</strong></span> <span class='ocrx_word' id='word_1_470' title='bbox 1589 1078 1681 1153; x_wconf 91' lang='lat' dir='ltr'><strong>prima</strong></span> <span class='ocrx_word' id='word_1_471' title='bbox 1701 1076 1800 1138; x_wconf 85' lang='lat' dir='ltr'><strong>leonte</strong></span> <span class='ocrx_word' id='word_1_472' title='bbox 1818 1095 1867 1156; x_wconf 80' lang='lat' dir='ltr'><strong>ap·-</strong></span> 
     </span>
     <span class='ocr_line' id='line_1_68' title="bbox 1044 1165 1868 1246; baseline 0.006 -20"><span class='ocrx_word' id='word_1_473' title='bbox 1044 1165 1189 1226; x_wconf 88' lang='lat' dir='ltr'><strong>stheomte</strong></span> <span class='ocrx_word' id='word_1_474' title='bbox 1207 1171 1306 1228; x_wconf 89' lang='lat' dir='ltr'><strong>sinant</strong></span> <span class='ocrx_word' id='word_1_475' title='bbox 1322 1185 1353 1225; x_wconf 89' lang='lat' dir='ltr'><strong>se</strong></span> <span class='ocrx_word' id='word_1_476' title='bbox 1369 1167 1474 1244; x_wconf 87' lang='lat' dir='ltr'><strong>abripi,</strong></span> <span class='ocrx_word' id='word_1_477' title='bbox 1488 1167 1565 1243; x_wconf 88' lang='lat' dir='ltr'><strong>quud</strong></span> <span class='ocrx_word' id='word_1_478' title='bbox 1579 1185 1679 1226; x_wconf 89' lang='lat' dir='ltr'><strong>revera</strong></span> <span class='ocrx_word' id='word_1_479' title='bbox 1692 1171 1789 1246; x_wconf 85' lang='lat' dir='ltr'><strong>justae</strong></span> <span class='ocrx_word' id='word_1_480' title='bbox 1806 1189 1868 1246; x_wconf 88' lang='lat' dir='ltr'><strong>pnr-</strong></span> 
     </span>
     <span class='ocr_line' id='line_1_69' title="bbox 1047 1261 1866 1344; baseline 0.005 -24"><span class='ocrx_word' id='word_1_481' title='bbox 1047 1261 1119 1320; x_wconf 87' lang='lat' dir='ltr'><strong>tium</strong></span> <span class='ocrx_word' id='word_1_482' title='bbox 1134 1262 1266 1321; x_wconf 87' lang='lat' dir='ltr'><strong>emnium</strong></span> <span class='ocrx_word' id='word_1_483' title='bbox 1283 1261 1538 1338; x_wconf 87' lang='lat' dir='ltr'><strong>comprehensioni</strong></span> <span class='ocrx_word' id='word_1_484' title='bbox 1554 1271 1583 1320; x_wconf 88' lang='lat' dir='ltr'><strong>et</strong></span> <span class='ocrx_word' id='word_1_485' title='bbox 1593 1261 1787 1324; x_wconf 84' lang='lat' dir='ltr'><strong>aestimationi</strong></span> <span class='ocrx_word' id='word_1_486' title='bbox 1807 1281 1866 1344; x_wconf 82' lang='lat' dir='ltr'><strong>neq</strong></span> 
     </span>
     <span class='ocr_line' id='line_1_70' title="bbox 1046 1353 1866 1434; baseline 0.005 -20"><span class='ocrx_word' id='word_1_487' title='bbox 1046 1355 1192 1425; x_wconf 90' lang='lat' dir='ltr'><strong>innititur,</strong></span> <span class='ocrx_word' id='word_1_488' title='bbox 1209 1373 1264 1414; x_wconf 88' lang='lat' dir='ltr'><strong>nec</strong></span> <span class='ocrx_word' id='word_1_489' title='bbox 1282 1353 1399 1430; x_wconf 87' lang='lat' dir='ltr'><strong>percelli</strong></span> <span class='ocrx_word' id='word_1_490' title='bbox 1419 1353 1562 1425; x_wconf 78' lang='lat' dir='ltr'><strong>formulis,</strong></span> <span class='ocrx_word' id='word_1_491' title='bbox 1576 1372 1651 1431; x_wconf 88' lang='lat' dir='ltr'><strong>qnae</strong></span> <span class='ocrx_word' id='word_1_492' title='bbox 1667 1355 1761 1430; x_wconf 90' lang='lat' dir='ltr'><strong>potius</strong></span> <span class='ocrx_word' id='word_1_493' title='bbox 1778 1375 1866 1434; x_wconf 87' lang='lat' dir='ltr'><strong>quam</strong></span> 
     </span>
     <span class='ocr_line' id='line_1_71' title="bbox 1044 1437 1867 1528; baseline 0.005 -22"><span class='ocrx_word' id='word_1_494' title='bbox 1044 1445 1098 1506; x_wconf 90' lang='lat' dir='ltr'><strong>soli</strong></span> <span class='ocrx_word' id='word_1_495' title='bbox 1124 1457 1193 1507; x_wconf 89' lang='lat' dir='ltr'><strong>sunt</strong></span> <span class='ocrx_word' id='word_1_496' title='bbox 1220 1447 1349 1506; x_wconf 86' lang='lat' dir='ltr'><strong>nubibus</strong></span> <span class='ocrx_word' id='word_1_497' title='bbox 1377 1437 1543 1516; x_wconf 85' lang='lat' dir='ltr'><strong>irradiatis,</strong></span> <span class='ocrx_word' id='word_1_498' title='bbox 1570 1465 1646 1524; x_wconf 90' lang='lat' dir='ltr'><strong>quae</strong></span> <span class='ocrx_word' id='word_1_499' title='bbox 1673 1461 1867 1528; x_wconf 79' lang='lat' dir='ltr'><strong>evanescunt,</strong></span> 
     </span>
     <span class='ocr_line' id='line_1_72' title="bbox 1044 1538 1868 1616; baseline 0.006 -18"><span class='ocrx_word' id='word_1_500' title='bbox 1044 1539 1266 1615; x_wconf 89' lang='lat' dir='ltr'><strong>eompamndae,</strong></span> <span class='ocrx_word' id='word_1_501' title='bbox 1284 1551 1313 1598; x_wconf 89' lang='grc' dir='ltr'><strong>ιι</strong></span> <span class='ocrx_word' id='word_1_502' title='bbox 1332 1543 1362 1600; x_wconf 94' lang='lat' dir='ltr'><strong>in</strong></span> <span class='ocrx_word' id='word_1_503' title='bbox 1383 1538 1529 1616; x_wconf 84' lang='lat' dir='ltr'><strong>frequenti</strong></span> <span class='ocrx_word' id='word_1_504' title='bbox 1547 1541 1725 1602; x_wconf 87' lang='lat' dir='ltr'><strong>obscuritate</strong></span> <span class='ocrx_word' id='word_1_505' title='bbox 1745 1559 1805 1602; x_wconf 89' lang='lat' dir='ltr'><strong>non</strong></span> <span class='ocrx_word' id='word_1_506' title='bbox 1820 1560 1868 1602; x_wconf 85' lang='lat' dir='ltr'><strong>ve·</strong></span> 
     </span>
     <span class='ocr_line' id='line_1_73' title="bbox 1044 1631 1866 1712; baseline 0.012 -22"><span class='ocrx_word' id='word_1_507' title='bbox 1044 1633 1159 1692; x_wconf 89' lang='lat' dir='ltr'><strong>ritatem</strong></span> <span class='ocrx_word' id='word_1_508' title='bbox 1181 1631 1370 1710; x_wconf 91' lang='lat' dir='ltr'><strong>proiuodam,</strong></span> <span class='ocrx_word' id='word_1_509' title='bbox 1388 1633 1439 1694; x_wconf 91' lang='lat' dir='ltr'><strong>sed</strong></span> <span class='ocrx_word' id='word_1_510' title='bbox 1458 1633 1612 1694; x_wconf 88' lang='lat' dir='ltr'><strong>coniosam</strong></span> <span class='ocrx_word' id='word_1_511' title='bbox 1631 1653 1687 1695; x_wconf 90' lang='lat' dir='ltr'><strong>uec</strong></span> <span class='ocrx_word' id='word_1_512' title='bbox 1711 1636 1866 1712; x_wconf 88' lang='lat' dir='ltr'><strong>eliquatam</strong></span> 
     </span>
     <span class='ocr_line' id='line_1_74' title="bbox 1043 1725 1867 1803; baseline 0.005 -19"><span class='ocrx_word' id='word_1_513' title='bbox 1043 1725 1148 1803; x_wconf 77' lang='lat' dir='ltr'><strong>objecti</strong></span> <span class='ocrx_word' id='word_1_514' title='bbox 1162 1726 1426 1802; x_wconf 89' lang='lat' dir='ltr'><strong>apprehensionem</strong></span> <span class='ocrx_word' id='word_1_515' title='bbox 1444 1743 1531 1803; x_wconf 83' lang='lat' dir='ltr'><strong>saepe</strong></span> <span class='ocrx_word' id='word_1_516' title='bbox 1550 1727 1696 1800; x_wconf 67' lang='lat' dir='ltr'><strong>revelant,</strong></span> <span class='ocrx_word' id='word_1_517' title='bbox 1714 1729 1817 1790; x_wconf 90' lang='lat' dir='ltr'><strong>intime</strong></span> <span class='ocrx_word' id='word_1_518' title='bbox 1836 1730 1867 1788; x_wconf 91' lang='lat' dir='ltr'><strong>in</strong></span> 
     </span>
     <span class='ocr_line' id='line_1_75' title="bbox 1043 1818 1867 1899; baseline 0.006 -22"><span class='ocrx_word' id='word_1_519' title='bbox 1043 1818 1141 1877; x_wconf 89' lang='lat' dir='ltr'><strong>otunia</strong></span> <span class='ocrx_word' id='word_1_520' title='bbox 1152 1829 1315 1894; x_wconf 88' lang='lat' dir='ltr'><strong>penetrent.</strong></span> <span class='ocrx_word' id='word_1_521' title='bbox 1326 1821 1394 1890; x_wconf 92' lang='lat' dir='ltr'><strong>lloo,</strong></span> <span class='ocrx_word' id='word_1_522' title='bbox 1403 1819 1487 1878; x_wconf 91' lang='lat' dir='ltr'><strong>liceat</strong></span> <span class='ocrx_word' id='word_1_523' title='bbox 1497 1818 1595 1880; x_wconf 88' lang='lat' dir='ltr'><strong>dicere</strong></span> <span class='ocrx_word' id='word_1_524' title='bbox 1608 1832 1691 1899; x_wconf 90' lang='lat' dir='ltr'><strong>capta</strong></span> <span class='ocrx_word' id='word_1_525' title='bbox 1705 1825 1867 1890; x_wconf 85' lang='lat' dir='ltr'><strong>occasione,</strong></span> 
     </span>
     <span class='ocr_line' id='line_1_76' title="bbox 1045 1911 1867 1991; baseline 0.007 -22"><span class='ocrx_word' id='word_1_526' title='bbox 1045 1911 1098 1970; x_wconf 92' lang='lat' dir='ltr'><strong>hoc</strong></span> <span class='ocrx_word' id='word_1_527' title='bbox 1116 1930 1252 1990; x_wconf 91' lang='lat' dir='ltr'><strong>cuperem</strong></span> <span class='ocrx_word' id='word_1_528' title='bbox 1272 1923 1305 1972; x_wconf 91' lang='lat' dir='ltr'><strong>ut</strong></span> <span class='ocrx_word' id='word_1_529' title='bbox 1325 1911 1409 1972; x_wconf 83' lang='lat' dir='ltr'><strong>lieret</strong></span> <span class='ocrx_word' id='word_1_530' title='bbox 1428 1915 1601 1990; x_wconf 86' lang='lat' dir='ltr'><strong>praesertim</strong></span> <span class='ocrx_word' id='word_1_531' title='bbox 1620 1932 1687 1974; x_wconf 90' lang='lat' dir='ltr'><strong>cnm</strong></span> <span class='ocrx_word' id='word_1_532' title='bbox 1712 1914 1749 1972; x_wconf 91' lang='lat' dir='ltr'><strong>de</strong></span> <span class='ocrx_word' id='word_1_533' title='bbox 1774 1913 1867 1991; x_wconf 91' lang='lat' dir='ltr'><strong>philo-</strong></span> 
     </span>
     <span class='ocr_line' id='line_1_77' title="bbox 1042 2003 1868 2081; baseline 0.007 -18"><span class='ocrx_word' id='word_1_534' title='bbox 1042 2003 1142 2081; x_wconf 90' lang='lat' dir='ltr'><strong>sophis</strong></span> <span class='ocrx_word' id='word_1_535' title='bbox 1161 2005 1313 2063; x_wconf 86' lang='lat' dir='ltr'><strong>Germanis</strong></span> <span class='ocrx_word' id='word_1_536' title='bbox 1332 2005 1444 2081; x_wconf 91' lang='lat' dir='ltr'><strong>agitur;</strong></span> <span class='ocrx_word' id='word_1_537' title='bbox 1461 2005 1526 2081; x_wconf 89' lang='lat' dir='ltr'><strong>qui,</strong></span> <span class='ocrx_word' id='word_1_538' title='bbox 1543 2016 1687 2080; x_wconf 89' lang='lat' dir='ltr'><strong>quantum</strong></span> <span class='ocrx_word' id='word_1_539' title='bbox 1708 2008 1789 2077; x_wconf 90' lang='lat' dir='ltr'><strong>novi,</strong></span> <span class='ocrx_word' id='word_1_540' title='bbox 1808 2027 1868 2068; x_wconf 84' lang='lat' dir='ltr'><strong>nta-</strong></span> 
     </span>
     <span class='ocr_line' id='line_1_78' title="bbox 1043 2095 1867 2178; baseline 0.002 -22"><span class='ocrx_word' id='word_1_541' title='bbox 1043 2117 1099 2178; x_wconf 87' lang='lat' dir='ltr'><strong>gna</strong></span> <span class='ocrx_word' id='word_1_542' title='bbox 1120 2098 1147 2155; x_wconf 91' lang='lat' dir='ltr'><strong>vi</strong></span> <span class='ocrx_word' id='word_1_543' title='bbox 1168 2099 1275 2156; x_wconf 89' lang='lat' dir='ltr'><strong>meotis</strong></span> <span class='ocrx_word' id='word_1_544' title='bbox 1294 2109 1323 2156; x_wconf 90' lang='lat' dir='ltr'><strong>et</strong></span> <span class='ocrx_word' id='word_1_545' title='bbox 1348 2097 1437 2156; x_wconf 89' lang='lat' dir='ltr'><strong>etiam</strong></span> <span class='ocrx_word' id='word_1_546' title='bbox 1463 2095 1635 2174; x_wconf 84' lang='lat' dir='ltr'><strong>phantasiae</strong></span> <span class='ocrx_word' id='word_1_547' title='bbox 1660 2098 1756 2173; x_wconf 87' lang='lat' dir='ltr'><strong>potius</strong></span> <span class='ocrx_word' id='word_1_548' title='bbox 1779 2117 1867 2175; x_wconf 89' lang='lat' dir='ltr'><strong>qnam</strong></span> 
     </span>
     <span class='ocr_line' id='line_1_79' title="bbox 1044 2189 1868 2269; baseline 0.002 -19"><span class='ocrx_word' id='word_1_549' title='bbox 1044 2203 1121 2250; x_wconf 89' lang='lat' dir='ltr'><strong>reeta</strong></span> <span class='ocrx_word' id='word_1_550' title='bbox 1139 2201 1169 2250; x_wconf 88' lang='lat' dir='ltr'><strong>et</strong></span> <span class='ocrx_word' id='word_1_551' title='bbox 1187 2209 1203 2249; x_wconf 88' lang='lat' dir='ltr'><strong>a</strong></span> <span class='ocrx_word' id='word_1_552' title='bbox 1223 2190 1406 2269; x_wconf 84' lang='lat' dir='ltr'><strong>praejudiciis</strong></span> <span class='ocrx_word' id='word_1_553' title='bbox 1421 2189 1513 2250; x_wconf 89' lang='lat' dir='ltr'><strong>libere</strong></span> <span class='ocrx_word' id='word_1_554' title='bbox 1528 2207 1628 2248; x_wconf 90' lang='lat' dir='ltr'><strong>rerum</strong></span> <span class='ocrx_word' id='word_1_555' title='bbox 1641 2189 1868 2268; x_wconf 79' lang='lat' dir='ltr'><strong>investigatione</strong></span> 
     </span>
     <span class='ocr_line' id='line_1_80' title="bbox 1043 2282 1868 2358; baseline -0.004 -14"><span class='ocrx_word' id='word_1_556' title='bbox 1043 2283 1267 2344; x_wconf 90' lang='lat' dir='ltr'><strong>commendandi</strong></span> <span class='ocrx_word' id='word_1_557' title='bbox 1287 2295 1396 2352; x_wconf 88' lang='lat' dir='ltr'><strong>esseut,</strong></span> <span class='ocrx_word' id='word_1_558' title='bbox 1413 2293 1443 2342; x_wconf 87' lang='lat' dir='ltr'><strong>et</strong></span> <span class='ocrx_word' id='word_1_559' title='bbox 1462 2282 1573 2342; x_wconf 84' lang='lat' dir='ltr'><strong>leuatus</strong></span> <span class='ocrx_word' id='word_1_560' title='bbox 1594 2291 1770 2358; x_wconf 87' lang='lat' dir='ltr'><strong>pepererunt</strong></span> <span class='ocrx_word' id='word_1_561' title='bbox 1789 2301 1804 2340; x_wconf 91' lang='lat' dir='ltr'><strong>n</strong></span> <span class='ocrx_word' id='word_1_562' title='bbox 1821 2301 1868 2342; x_wconf 89' lang='lat' dir='ltr'><strong>ve-</strong></span> 
     </span>
     <span class='ocr_line' id='line_1_81' title="bbox 1043 2373 1866 2456; baseline -0.001 -19"><span class='ocrx_word' id='word_1_563' title='bbox 1043 2377 1129 2438; x_wconf 89' lang='lat' dir='ltr'><strong>ritate</strong></span> <span class='ocrx_word' id='word_1_564' title='bbox 1148 2375 1278 2456; x_wconf 91' lang='lat' dir='ltr'><strong>proiecto</strong></span> <span class='ocrx_word' id='word_1_565' title='bbox 1296 2393 1355 2436; x_wconf 91' lang='lat' dir='ltr'><strong>noo</strong></span> <span class='ocrx_word' id='word_1_566' title='bbox 1374 2373 1579 2455; x_wconf 82' lang='lat' dir='ltr'><strong>expectandos.</strong></span> <span class='ocrx_word' id='word_1_567' title='bbox 1597 2375 1683 2449; x_wconf 85' lang='lat' dir='ltr'><strong>Quod</strong></span> <span class='ocrx_word' id='word_1_568' title='bbox 1701 2374 1811 2436; x_wconf 89' lang='lat' dir='ltr'><strong>dictum</strong></span> <span class='ocrx_word' id='word_1_569' title='bbox 1828 2378 1866 2438; x_wconf 88' lang='lat' dir='ltr'><strong>sit</strong></span> 
     </span>
     <span class='ocr_line' id='line_1_82' title="bbox 1042 2467 1869 2547; baseline 0 -19"><span class='ocrx_word' id='word_1_570' title='bbox 1042 2469 1131 2529; x_wconf 91' lang='lat' dir='ltr'><strong>etiam</strong></span> <span class='ocrx_word' id='word_1_571' title='bbox 1145 2469 1182 2528; x_wconf 91' lang='lat' dir='ltr'><strong>de</strong></span> <span class='ocrx_word' id='word_1_572' title='bbox 1194 2469 1412 2546; x_wconf 87' lang='lat' dir='ltr'><strong>quammaximo</strong></span> <span class='ocrx_word' id='word_1_573' title='bbox 1427 2467 1503 2546; x_wconf 92' lang='lat' dir='ltr'><strong>apud</strong></span> <span class='ocrx_word' id='word_1_574' title='bbox 1518 2469 1615 2546; x_wconf 87' lang='lat' dir='ltr'><strong>plnres</strong></span> <span class='ocrx_word' id='word_1_575' title='bbox 1630 2467 1754 2547; x_wconf 85' lang='lat' dir='ltr'><strong>Georgia</strong></span> <span class='ocrx_word' id='word_1_576' title='bbox 1767 2467 1869 2546; x_wconf 85' lang='lat' dir='ltr'><strong>llegel,</strong></span> 
     </span>
     <span class='ocr_line' id='line_1_83' title="bbox 1043 2559 1862 2641; baseline 0.002 -19"><span class='ocrx_word' id='word_1_577' title='bbox 1043 2563 1093 2639; x_wconf 93' lang='lat' dir='ltr'><strong>qui</strong></span> <span class='ocrx_word' id='word_1_578' title='bbox 1113 2563 1192 2622; x_wconf 90' lang='lat' dir='ltr'><strong>inter</strong></span> <span class='ocrx_word' id='word_1_579' title='bbox 1210 2573 1307 2622; x_wconf 88' lang='lat' dir='ltr'><strong>cetera</strong></span> <span class='ocrx_word' id='word_1_580' title='bbox 1327 2562 1356 2622; x_wconf 90' lang='lat' dir='ltr'><strong>iu</strong></span> <span class='ocrx_word' id='word_1_581' title='bbox 1376 2579 1408 2622; x_wconf 89' lang='lat' dir='ltr'><strong>re</strong></span> <span class='ocrx_word' id='word_1_582' title='bbox 1426 2559 1540 2640; x_wconf 89' lang='lat' dir='ltr'><strong>politica</strong></span> <span class='ocrx_word' id='word_1_583' title='bbox 1564 2579 1680 2637; x_wconf 92' lang='lat' dir='ltr'><strong>qnoque</strong></span> <span class='ocrx_word' id='word_1_584' title='bbox 1703 2579 1738 2622; x_wconf 90' lang='lat' dir='ltr'><strong>ea</strong></span> <span class='ocrx_word' id='word_1_585' title='bbox 1758 2563 1862 2641; x_wconf 83' lang='lat' dir='ltr'><strong>placita</strong></span> 
     </span>
     <span class='ocr_line' id='line_1_84' title="bbox 1042 2653 1862 2732; baseline -0.002 -16"><span class='ocrx_word' id='word_1_586' title='bbox 1042 2656 1141 2716; x_wconf 91' lang='lat' dir='ltr'><strong>docuit</strong></span> <span class='ocrx_word' id='word_1_587' title='bbox 1156 2675 1193 2716; x_wconf 86' lang='lat' dir='ltr'><strong>ex</strong></span> <span class='ocrx_word' id='word_1_588' title='bbox 1207 2671 1260 2716; x_wconf 91' lang='lat' dir='ltr'><strong>suo</strong></span> <span class='ocrx_word' id='word_1_589' title='bbox 1275 2653 1547 2732; x_wconf 80' lang='lat' dir='ltr'><strong>systhemetc‚quae</strong></span> <span class='ocrx_word' id='word_1_590' title='bbox 1561 2671 1615 2714; x_wconf 92' lang='lat' dir='ltr'><strong>nec</strong></span> <span class='ocrx_word' id='word_1_591' title='bbox 1626 2653 1709 2726; x_wconf 91' lang='lat' dir='ltr'><strong>mihi,</strong></span> <span class='ocrx_word' id='word_1_592' title='bbox 1722 2671 1776 2714; x_wconf 88' lang='lat' dir='ltr'><strong>nec</strong></span> <span class='ocrx_word' id='word_1_593' title='bbox 1791 2655 1862 2716; x_wconf 87' lang='lat' dir='ltr'><strong>meis</strong></span> 
     </span>
     <span class='ocr_line' id='line_1_85' title="bbox 1044 2745 1603 2825; baseline -0.005 -15"><span class='ocrx_word' id='word_1_594' title='bbox 1044 2751 1212 2810; x_wconf 85' lang='lat' dir='ltr'><strong>concivibus</strong></span> <span class='ocrx_word' id='word_1_595' title='bbox 1230 2765 1369 2824; x_wconf 88' lang='lat' dir='ltr'><strong>umquam</strong></span> <span class='ocrx_word' id='word_1_596' title='bbox 1388 2745 1603 2825; x_wconf 91' lang='lat' dir='ltr'><strong>probabuntur.</strong></span> 
     </span>
    </p>

    <p class='ocr_par' dir='ltr' id='par_1_8' title="bbox 1044 2839 1866 3114">
     <span class='ocr_line' id='line_1_86' title="bbox 1080 2839 1865 2926; baseline 0 -24"><span class='ocrx_word' id='word_1_597' title='bbox 1080 2847 1156 2904; x_wconf 86' lang='lat' dir='ltr'><strong>llaec</strong></span> <span class='ocrx_word' id='word_1_598' title='bbox 1175 2843 1213 2902; x_wconf 91' lang='lat' dir='ltr'><strong>de</strong></span> <span class='ocrx_word' id='word_1_599' title='bbox 1231 2843 1287 2902; x_wconf 93' lang='lat' dir='ltr'><strong>isto</strong></span> <span class='ocrx_word' id='word_1_600' title='bbox 1304 2839 1442 2926; x_wconf 80' lang='lat' dir='ltr'><strong>lqseiculo</strong></span> <span class='ocrx_word' id='word_1_601' title='bbox 1459 2851 1489 2900; x_wconf 89' lang='lat' dir='ltr'><strong>et</strong></span> <span class='ocrx_word' id='word_1_602' title='bbox 1507 2839 1544 2900; x_wconf 90' lang='lat' dir='ltr'><strong>de</strong></span> <span class='ocrx_word' id='word_1_603' title='bbox 1562 2841 1779 2920; x_wconf 86' lang='lat' dir='ltr'><strong>Prolegomenis</strong></span> <span class='ocrx_word' id='word_1_604' title='bbox 1800 2859 1865 2919; x_wconf 90' lang='lat' dir='ltr'><strong>pro·</strong></span> 
     </span>
     <span class='ocr_line' id='line_1_87' title="bbox 1044 2932 1866 3012; baseline -0.007 -12"><span class='ocrx_word' id='word_1_605' title='bbox 1044 2942 1121 3000; x_wconf 79' lang='lat' dir='ltr'><strong>sime</strong></span> <span class='ocrx_word' id='word_1_606' title='bbox 1136 2935 1259 2998; x_wconf 90' lang='lat' dir='ltr'><strong>edendis</strong></span> <span class='ocrx_word' id='word_1_607' title='bbox 1278 2933 1432 2994; x_wconf 78' lang='lat' dir='ltr'><strong>sufficiant.</strong></span> <span class='ocrx_word' id='word_1_608' title='bbox 1447 2932 1603 3010; x_wconf 82' lang='lat' dir='ltr'><strong>Reliquum</strong></span> <span class='ocrx_word' id='word_1_609' title='bbox 1622 2944 1747 3012; x_wconf 85' lang='lat' dir='ltr'><strong>atquae</strong></span> <span class='ocrx_word' id='word_1_610' title='bbox 1766 2951 1866 3012; x_wconf 85' lang='lat' dir='ltr'><strong>parem</strong></span> 
     </span>
     <span class='ocr_line' id='line_1_88' title="bbox 1044 3037 1415 3114; baseline -0.019 -20"><span class='ocrx_word' id='word_1_611' title='bbox 1044 3037 1073 3094; x_wconf 91' lang='lat' dir='ltr'><strong>in</strong></span> <span class='ocrx_word' id='word_1_612' title='bbox 1093 3045 1252 3114; x_wconf 88' lang='lat' dir='ltr'><strong>posterum,</strong></span> <span class='ocrx_word' id='word_1_613' title='bbox 1270 3047 1415 3088; x_wconf 86' lang='lat' dir='ltr'><strong>enarrem.</strong></span> 
     </span>
    </p>

    <p class='ocr_par' dir='ltr' id='par_1_9' title="bbox 1038 3123 1895 5710">
     <span class='ocr_line' id='line_1_89' title="bbox 1077 3123 1867 3204; baseline -0.004 -15"><span class='ocrx_word' id='word_1_614' title='bbox 1077 3133 1113 3190; x_wconf 89' lang='lat' dir='ltr'><strong>Ut</strong></span> <span class='ocrx_word' id='word_1_615' title='bbox 1140 3128 1263 3204; x_wconf 88' lang='lat' dir='ltr'><strong>quisquc</strong></span> <span class='ocrx_word' id='word_1_616' title='bbox 1291 3123 1425 3202; x_wconf 78' lang='lat' dir='ltr'><strong>conjiciet</strong></span> <span class='ocrx_word' id='word_1_617' title='bbox 1448 3141 1485 3184; x_wconf 83' lang='lat' dir='ltr'><strong>cx</strong></span> <span class='ocrx_word' id='word_1_618' title='bbox 1513 3123 1595 3182; x_wconf 91' lang='lat' dir='ltr'><strong>initio</strong></span> <span class='ocrx_word' id='word_1_619' title='bbox 1622 3123 1867 3202; x_wconf 78' lang='lat' dir='ltr'><strong>Prolegomendn,</strong></span> 
     </span>
     <span class='ocr_line' id='line_1_90' title="bbox 1039 3216 1864 3303; baseline -0.006 -19"><span class='ocrx_word' id='word_1_620' title='bbox 1039 3223 1117 3303; x_wconf 93' lang='lat' dir='ltr'><strong>quod</strong></span> <span class='ocrx_word' id='word_1_621' title='bbox 1135 3219 1225 3291; x_wconf 85' lang='lat' dir='ltr'><strong>edidi,</strong></span> <span class='ocrx_word' id='word_1_622' title='bbox 1243 3228 1273 3278; x_wconf 89' lang='lat' dir='ltr'><strong>et</strong></span> <span class='ocrx_word' id='word_1_623' title='bbox 1291 3236 1328 3278; x_wconf 83' lang='grc' dir='ltr'><strong>ιιι</strong></span> <span class='ocrx_word' id='word_1_624' title='bbox 1348 3216 1478 3297; x_wconf 89' lang='lat' dir='ltr'><strong>partibus</strong></span> <span class='ocrx_word' id='word_1_625' title='bbox 1496 3216 1674 3295; x_wconf 88' lang='lat' dir='ltr'><strong>speciminis,</strong></span> <span class='ocrx_word' id='word_1_626' title='bbox 1695 3237 1753 3278; x_wconf 92' lang='lat' dir='ltr'><strong>non</strong></span> <span class='ocrx_word' id='word_1_627' title='bbox 1772 3220 1864 3280; x_wconf 90' lang='lat' dir='ltr'><strong>incdi-</strong></span> 
     </span>
     <span class='ocr_line' id='line_1_91' title="bbox 1040 3306 1864 3386; baseline -0.01 -8"><span class='ocrx_word' id='word_1_628' title='bbox 1040 3329 1086 3378; x_wconf 88' lang='lat' dir='ltr'><strong>tos</strong></span> <span class='ocrx_word' id='word_1_629' title='bbox 1104 3312 1190 3374; x_wconf 88' lang='lat' dir='ltr'><strong>moda</strong></span> <span class='ocrx_word' id='word_1_630' title='bbox 1207 3311 1300 3370; x_wconf 91' lang='lat' dir='ltr'><strong>libros</strong></span> <span class='ocrx_word' id='word_1_631' title='bbox 1319 3309 1463 3370; x_wconf 87' lang='lat' dir='ltr'><strong>versionis</strong></span> <span class='ocrx_word' id='word_1_632' title='bbox 1491 3308 1571 3368; x_wconf 81' lang='lat' dir='ltr'><strong>Pauli</strong></span> <span class='ocrx_word' id='word_1_633' title='bbox 1591 3306 1742 3378; x_wconf 82' lang='lat' dir='ltr'><strong>Telensis,</strong></span> <span class='ocrx_word' id='word_1_634' title='bbox 1766 3313 1816 3386; x_wconf 90' lang='lat' dir='ltr'><strong>qni</strong></span> <span class='ocrx_word' id='word_1_635' title='bbox 1836 3331 1864 3382; x_wconf 83' lang='lat' dir='ltr'><strong>pn</strong></span> 
     </span>
     <span class='ocr_line' id='line_1_92' title="bbox 1041 3391 1895 3479; baseline -0.006 -9"><span class='ocrx_word' id='word_1_636' title='bbox 1041 3407 1234 3470; x_wconf 70' lang='lat' dir='ltr'><strong>ambrosiano</strong></span> <span class='ocrx_word' id='word_1_637' title='bbox 1253 3403 1352 3463; x_wconf 90' lang='lat' dir='ltr'><strong>codice</strong></span> <span class='ocrx_word' id='word_1_638' title='bbox 1371 3412 1520 3479; x_wconf 89' lang='lat' dir='ltr'><strong>prostant,</strong></span> <span class='ocrx_word' id='word_1_639' title='bbox 1538 3413 1581 3472; x_wconf 92' lang='grc' dir='ltr'><strong>ιι,</strong></span> <span class='ocrx_word' id='word_1_640' title='bbox 1609 3403 1633 3461; x_wconf 91' lang='lat' dir='ltr'><strong>si</strong></span> <span class='ocrx_word' id='word_1_641' title='bbox 1662 3413 1797 3478; x_wconf 87' lang='lat' dir='ltr'><strong>potuero,</strong></span> <span class='ocrx_word' id='word_1_642' title='bbox 1814 3423 1865 3464; x_wconf 87' lang='lat' dir='ltr'><strong>eos</strong></span> <span class='ocrx_word' id='word_1_643' title='bbox 1892 3391 1895 3398; x_wconf 64' lang='grc'><strong>’</strong></span> 
     </span>
     <span class='ocr_line' id='line_1_93' title="bbox 1041 3493 1867 3572; baseline -0.012 -8"><span class='ocrx_word' id='word_1_644' title='bbox 1041 3505 1131 3564; x_wconf 90' lang='lat' dir='ltr'><strong>etiam</strong></span> <span class='ocrx_word' id='word_1_645' title='bbox 1140 3501 1263 3560; x_wconf 89' lang='lat' dir='ltr'><strong>oliorum</strong></span> <span class='ocrx_word' id='word_1_646' title='bbox 1275 3513 1343 3556; x_wconf 89' lang='lat' dir='ltr'><strong>mss.</strong></span> <span class='ocrx_word' id='word_1_647' title='bbox 1353 3493 1491 3572; x_wconf 87' lang='lat' dir='ltr'><strong>evulgare</strong></span> <span class='ocrx_word' id='word_1_648' title='bbox 1501 3493 1676 3566; x_wconf 87' lang='lat' dir='ltr'><strong>molior,scd</strong></span> <span class='ocrx_word' id='word_1_649' title='bbox 1687 3493 1780 3556; x_wconf 90' lang='lat' dir='ltr'><strong>editos</strong></span> <span class='ocrx_word' id='word_1_650' title='bbox 1794 3513 1867 3572; x_wconf 91' lang='lat' dir='ltr'><strong>quo·</strong></span> 
     </span>
     <span class='ocr_line' id='line_1_94' title="bbox 1041 3587 1867 3671; baseline -0.006 -17"><span class='ocrx_word' id='word_1_651' title='bbox 1041 3612 1108 3671; x_wconf 91' lang='lat' dir='ltr'><strong>que.</strong></span> <span class='ocrx_word' id='word_1_652' title='bbox 1126 3589 1275 3666; x_wconf 86' lang='lat' dir='ltr'><strong>Quidquid</strong></span> <span class='ocrx_word' id='word_1_653' title='bbox 1294 3587 1372 3648; x_wconf 91' lang='lat' dir='ltr'><strong>enim</strong></span> <span class='ocrx_word' id='word_1_654' title='bbox 1389 3588 1451 3665; x_wconf 83' lang='lat' dir='ltr'><strong>jam</strong></span> <span class='ocrx_word' id='word_1_655' title='bbox 1471 3587 1645 3664; x_wconf 86' lang='lat' dir='ltr'><strong>protulerint</strong></span> <span class='ocrx_word' id='word_1_656' title='bbox 1665 3587 1795 3648; x_wconf 77' lang='lat' dir='ltr'><strong>Editores</strong></span> <span class='ocrx_word' id='word_1_657' title='bbox 1820 3591 1867 3649; x_wconf 91' lang='lat' dir='ltr'><strong>lli·</strong></span> 
     </span>
     <span class='ocr_line' id='line_1_95' title="bbox 1043 3681 1868 3762; baseline -0.006 -13"><span class='ocrx_word' id='word_1_658' title='bbox 1043 3690 1169 3750; x_wconf 91' lang='lat' dir='ltr'><strong>bliorum</strong></span> <span class='ocrx_word' id='word_1_659' title='bbox 1189 3683 1373 3762; x_wconf 79' lang='lat' dir='ltr'><strong>votygtottan</strong></span> <span class='ocrx_word' id='word_1_660' title='bbox 1393 3681 1631 3752; x_wconf 80' lang='lat' dir='ltr'><strong>londinensium,</strong></span> <span class='ocrx_word' id='word_1_661' title='bbox 1651 3681 1799 3761; x_wconf 84' lang='lat' dir='ltr'><strong>Norberg,</strong></span> <span class='ocrx_word' id='word_1_662' title='bbox 1813 3685 1868 3744; x_wconf 86' lang='lat' dir='ltr'><strong>liu·</strong></span> 
     </span>
     <span class='ocr_line' id='line_1_96' title="bbox 1043 3773 1867 3860; baseline -0.004 -19"><span class='ocrx_word' id='word_1_663' title='bbox 1043 3785 1113 3860; x_wconf 82' lang='lat' dir='ltr'><strong>goti,</strong></span> <span class='ocrx_word' id='word_1_664' title='bbox 1123 3774 1354 3852; x_wconf 85' lang='lat' dir='ltr'><strong>lllddeldorpiet</strong></span> <span class='ocrx_word' id='word_1_665' title='bbox 1368 3774 1439 3834; x_wconf 79' lang='lat' dir='ltr'><strong>Slvat</strong></span> <span class='ocrx_word' id='word_1_666' title='bbox 1454 3773 1771 3846; x_wconf 64' lang='lat' dir='ltr'><strong>ilcirdammaamiuavi,</strong></span> <span class='ocrx_word' id='word_1_667' title='bbox 1785 3788 1815 3836; x_wconf 92' lang='lat' dir='ltr'><strong>ct</strong></span> <span class='ocrx_word' id='word_1_668' title='bbox 1830 3795 1867 3838; x_wconf 86' lang='lat' dir='ltr'><strong>ex</strong></span> 
     </span>
     <span class='ocr_line' id='line_1_97' title="bbox 1041 3865 1866 3947; baseline -0.006 -14"><span class='ocrx_word' id='word_1_669' title='bbox 1041 3873 1202 3934; x_wconf 88' lang='lat' dir='ltr'><strong>editionum</strong></span> <span class='ocrx_word' id='word_1_670' title='bbox 1218 3871 1340 3931; x_wconf 90' lang='lat' dir='ltr'><strong>istarum</strong></span> <span class='ocrx_word' id='word_1_671' title='bbox 1360 3868 1593 3947; x_wconf 88' lang='lat' dir='ltr'><strong>perscrutatione</strong></span> <span class='ocrx_word' id='word_1_672' title='bbox 1613 3868 1644 3926; x_wconf 91' lang='lat' dir='ltr'><strong>in</strong></span> <span class='ocrx_word' id='word_1_673' title='bbox 1663 3865 1740 3926; x_wconf 91' lang='lat' dir='ltr'><strong>hanc</strong></span> <span class='ocrx_word' id='word_1_674' title='bbox 1762 3866 1866 3928; x_wconf 88' lang='lat' dir='ltr'><strong>deveni</strong></span> 
     </span>
     <span class='ocr_line' id='line_1_98' title="bbox 1041 3959 1868 4036; baseline -0.008 -9"><span class='ocrx_word' id='word_1_675' title='bbox 1041 3967 1229 4036; x_wconf 86' lang='lat' dir='ltr'><strong>sententiam,</strong></span> <span class='ocrx_word' id='word_1_676' title='bbox 1247 3973 1280 4022; x_wconf 93' lang='lat' dir='ltr'><strong>ut</strong></span> <span class='ocrx_word' id='word_1_677' title='bbox 1301 3965 1406 4024; x_wconf 90' lang='lat' dir='ltr'><strong>iterum</strong></span> <span class='ocrx_word' id='word_1_678' title='bbox 1426 3959 1524 4021; x_wconf 90' lang='lat' dir='ltr'><strong>omnio</strong></span> <span class='ocrx_word' id='word_1_679' title='bbox 1537 3959 1624 4020; x_wconf 89' lang='lat' dir='ltr'><strong>cdere</strong></span> <span class='ocrx_word' id='word_1_680' title='bbox 1642 3976 1753 4020; x_wconf 89' lang='lat' dir='ltr'><strong>curem.</strong></span> <span class='ocrx_word' id='word_1_681' title='bbox 1767 3961 1803 4020; x_wconf 90' lang='lat' dir='ltr'><strong>Ut</strong></span> <span class='ocrx_word' id='word_1_682' title='bbox 1815 3959 1868 4020; x_wconf 90' lang='lat' dir='ltr'><strong>oli·</strong></span> 
     </span>
     <span class='ocr_line' id='line_1_99' title="bbox 1042 4051 1866 4137; baseline -0.005 -19"><span class='ocrx_word' id='word_1_683' title='bbox 1042 4058 1113 4137; x_wconf 90' lang='lat' dir='ltr'><strong>quid</strong></span> <span class='ocrx_word' id='word_1_684' title='bbox 1132 4075 1187 4137; x_wconf 94' lang='lat' dir='ltr'><strong>pro</strong></span> <span class='ocrx_word' id='word_1_685' title='bbox 1214 4073 1247 4116; x_wconf 91' lang='lat' dir='ltr'><strong>rc</strong></span> <span class='ocrx_word' id='word_1_686' title='bbox 1266 4065 1334 4114; x_wconf 91' lang='lat' dir='ltr'><strong>nata</strong></span> <span class='ocrx_word' id='word_1_687' title='bbox 1354 4073 1370 4113; x_wconf 92' lang='lat' dir='ltr'><strong>e</strong></span> <span class='ocrx_word' id='word_1_688' title='bbox 1396 4051 1613 4130; x_wconf 83' lang='lat' dir='ltr'><strong>Prolegomcnis</strong></span> <span class='ocrx_word' id='word_1_689' title='bbox 1639 4068 1866 4130; x_wconf 84' lang='lat' dir='ltr'><strong>praeoccupent,</strong></span> 
     </span>
     <span class='ocr_line' id='line_1_100' title="bbox 1042 4145 1866 4230; baseline -0.007 -18"><span class='ocrx_word' id='word_1_690' title='bbox 1042 4152 1146 4230; x_wconf 82' lang='lat' dir='ltr'><strong>linguai</strong></span> <span class='ocrx_word' id='word_1_691' title='bbox 1168 4151 1287 4227; x_wconf 67' lang='lat' dir='ltr'><strong>qui-lem</strong></span> <span class='ocrx_word' id='word_1_692' title='bbox 1307 4147 1384 4206; x_wconf 92' lang='lat' dir='ltr'><strong>bene</strong></span> <span class='ocrx_word' id='word_1_693' title='bbox 1410 4145 1580 4222; x_wconf 79' lang='lat' dir='ltr'><strong>perfunctus</strong></span> <span class='ocrx_word' id='word_1_694' title='bbox 1598 4155 1643 4206; x_wconf 86' lang='lat' dir='ltr'><strong>est</strong></span> <span class='ocrx_word' id='word_1_695' title='bbox 1666 4163 1866 4210; x_wconf 74' lang='lat' dir='ltr'><strong>muneresive</strong></span> 
     </span>
     <span class='ocr_line' id='line_1_101' title="bbox 1041 4237 1865 4318; baseline -0.006 -13"><span class='ocrx_word' id='word_1_696' title='bbox 1041 4247 1070 4305; x_wconf 91' lang='lat' dir='ltr'><strong>io</strong></span> <span class='ocrx_word' id='word_1_697' title='bbox 1090 4243 1221 4313; x_wconf 87' lang='lat' dir='ltr'><strong>Daniele,</strong></span> <span class='ocrx_word' id='word_1_698' title='bbox 1236 4243 1305 4300; x_wconf 88' lang='lat' dir='ltr'><strong>item</strong></span> <span class='ocrx_word' id='word_1_699' title='bbox 1326 4240 1386 4300; x_wconf 89' lang='lat' dir='ltr'><strong>lere</strong></span> <span class='ocrx_word' id='word_1_700' title='bbox 1406 4242 1436 4300; x_wconf 90' lang='lat' dir='ltr'><strong>in</strong></span> <span class='ocrx_word' id='word_1_701' title='bbox 1455 4239 1593 4311; x_wconf 69' lang='lat' dir='ltr'><strong>Psalmis,</strong></span> <span class='ocrx_word' id='word_1_702' title='bbox 1610 4237 1662 4298; x_wconf 87' lang='lat' dir='ltr'><strong>sed</strong></span> <span class='ocrx_word' id='word_1_703' title='bbox 1681 4237 1787 4300; x_wconf 89' lang='lat' dir='ltr'><strong>horum</strong></span> <span class='ocrx_word' id='word_1_704' title='bbox 1804 4243 1865 4318; x_wconf 86' lang='lat' dir='ltr'><strong>jani</strong></span> 
     </span>
     <span class='ocr_line' id='line_1_102' title="bbox 1040 4331 1862 4412; baseline -0.004 -16"><span class='ocrx_word' id='word_1_705' title='bbox 1040 4335 1095 4396; x_wconf 89' lang='lat' dir='ltr'><strong>alia</strong></span> <span class='ocrx_word' id='word_1_706' title='bbox 1123 4334 1300 4412; x_wconf 79' lang='lat' dir='ltr'><strong>exemplaria</strong></span> <span class='ocrx_word' id='word_1_707' title='bbox 1329 4334 1420 4394; x_wconf 85' lang='lat' dir='ltr'><strong>textui</strong></span> <span class='ocrx_word' id='word_1_708' title='bbox 1448 4331 1655 4394; x_wconf 88' lang='lat' dir='ltr'><strong>constituendo</strong></span> <span class='ocrx_word' id='word_1_709' title='bbox 1683 4343 1862 4410; x_wconf 86' lang='lat' dir='ltr'><strong>suppetunt,</strong></span> 
     </span>
     <span class='ocr_line' id='line_1_103' title="bbox 1038 4421 1862 4506; baseline -0.002 -18"><span class='ocrx_word' id='word_1_710' title='bbox 1038 4445 1126 4506; x_wconf 89' lang='lat' dir='ltr'><strong>quern</strong></span> <span class='ocrx_word' id='word_1_711' title='bbox 1146 4427 1195 4488; x_wconf 86' lang='lat' dir='ltr'><strong>ille</strong></span> <span class='ocrx_word' id='word_1_712' title='bbox 1222 4445 1259 4486; x_wconf 83' lang='lat' dir='ltr'><strong>ex</strong></span> <span class='ocrx_word' id='word_1_713' title='bbox 1279 4443 1339 4486; x_wconf 91' lang='lat' dir='ltr'><strong>uno</strong></span> <span class='ocrx_word' id='word_1_714' title='bbox 1358 4435 1472 4486; x_wconf 90' lang='lat' dir='ltr'><strong>tantum</strong></span> <span class='ocrx_word' id='word_1_715' title='bbox 1491 4423 1581 4486; x_wconf 91' lang='lat' dir='ltr'><strong>dedit.</strong></span> <span class='ocrx_word' id='word_1_716' title='bbox 1607 4425 1671 4484; x_wconf 90' lang='lat' dir='ltr'><strong>Duo</strong></span> <span class='ocrx_word' id='word_1_717' title='bbox 1690 4425 1791 4486; x_wconf 89' lang='lat' dir='ltr'><strong>mutila</strong></span> <span class='ocrx_word' id='word_1_718' title='bbox 1812 4421 1862 4486; x_wconf 90' lang='lat' dir='ltr'><strong>ho·</strong></span> 
     </span>
     <span class='ocr_line' id='line_1_104' title="bbox 1038 4518 1865 4590; baseline -0.004 -9"><span class='ocrx_word' id='word_1_719' title='bbox 1038 4522 1147 4582; x_wconf 79' lang='lat' dir='ltr'><strong>bentm</strong></span> <span class='ocrx_word' id='word_1_720' title='bbox 1165 4523 1195 4580; x_wconf 96' lang='lat' dir='ltr'><strong>io</strong></span> <span class='ocrx_word' id='word_1_721' title='bbox 1214 4519 1312 4580; x_wconf 85' lang='lat' dir='ltr'><strong>codiee</strong></span> <span class='ocrx_word' id='word_1_722' title='bbox 1324 4519 1415 4580; x_wconf 86' lang='lat' dir='ltr'><strong>linaei</strong></span> <span class='ocrx_word' id='word_1_723' title='bbox 1434 4519 1594 4580; x_wconf 84' lang='lat' dir='ltr'><strong>Britannici</strong></span> <span class='ocrx_word' id='word_1_724' title='bbox 1614 4521 1658 4578; x_wconf 74' lang='grc' dir='ltr'><strong>ιι.0</strong></span> <span class='ocrx_word' id='word_1_725' title='bbox 1678 4518 1784 4590; x_wconf 71' lang='lat' dir='ltr'><strong>tuot,</strong></span> <span class='ocrx_word' id='word_1_726' title='bbox 1801 4537 1865 4578; x_wconf 86' lang='lat' dir='ltr'><strong>sae·</strong></span> 
     </span>
     <span class='ocr_line' id='line_1_105' title="bbox 1040 4611 1866 4692; baseline -0.002 -18"><span class='ocrx_word' id='word_1_727' title='bbox 1040 4611 1108 4674; x_wconf 89' lang='lat' dir='ltr'><strong>culo</strong></span> <span class='ocrx_word' id='word_1_728' title='bbox 1127 4615 1192 4674; x_wconf 87' lang='lat' dir='ltr'><strong>t&#39;ttt</strong></span> <span class='ocrx_word' id='word_1_729' title='bbox 1217 4611 1392 4692; x_wconf 81' lang='lat' dir='ltr'><strong>adjudicato,</strong></span> <span class='ocrx_word' id='word_1_730' title='bbox 1410 4629 1551 4689; x_wconf 89' lang='lat' dir='ltr'><strong>quorum,</strong></span> <span class='ocrx_word' id='word_1_731' title='bbox 1575 4622 1731 4688; x_wconf 86' lang='lat' dir='ltr'><strong>antequam</strong></span> <span class='ocrx_word' id='word_1_732' title='bbox 1753 4612 1866 4672; x_wconf 80' lang='lat' dir='ltr'><strong>catalo-</strong></span> 
     </span>
     <span class='ocr_line' id='line_1_106' title="bbox 1040 4703 1865 4784; baseline 0 -18"><span class='ocrx_word' id='word_1_733' title='bbox 1040 4725 1111 4784; x_wconf 88' lang='lat' dir='ltr'><strong>gnm</strong></span> <span class='ocrx_word' id='word_1_734' title='bbox 1131 4707 1192 4782; x_wconf 89' lang='lat' dir='ltr'><strong>ipse</strong></span> <span class='ocrx_word' id='word_1_735' title='bbox 1212 4703 1404 4780; x_wconf 82' lang='lat' dir='ltr'><strong>inspicerem,</strong></span> <span class='ocrx_word' id='word_1_736' title='bbox 1425 4703 1550 4764; x_wconf 87' lang='lat' dir='ltr'><strong>iudicem</strong></span> <span class='ocrx_word' id='word_1_737' title='bbox 1570 4721 1629 4764; x_wconf 92' lang='lat' dir='ltr'><strong>una</strong></span> <span class='ocrx_word' id='word_1_738' title='bbox 1647 4721 1715 4766; x_wconf 91' lang='lat' dir='ltr'><strong>cum</strong></span> <span class='ocrx_word' id='word_1_739' title='bbox 1739 4721 1774 4764; x_wconf 93' lang='lat' dir='ltr'><strong>eo</strong></span> <span class='ocrx_word' id='word_1_740' title='bbox 1795 4705 1865 4766; x_wconf 86' lang='lat' dir='ltr'><strong>clia-</strong></span> 
     </span>
     <span class='ocr_line' id='line_1_107' title="bbox 1041 4795 1866 4871; baseline -0.002 -13"><span class='ocrx_word' id='word_1_741' title='bbox 1041 4817 1108 4858; x_wconf 88' lang='lat' dir='ltr'><strong>rnm</strong></span> <span class='ocrx_word' id='word_1_742' title='bbox 1141 4795 1275 4858; x_wconf 87' lang='lat' dir='ltr'><strong>codicum</strong></span> <span class='ocrx_word' id='word_1_743' title='bbox 1307 4803 1439 4856; x_wconf 80' lang='lat' dir='ltr'><strong>tertuum</strong></span> <span class='ocrx_word' id='word_1_744' title='bbox 1467 4796 1648 4871; x_wconf 87' lang='lat' dir='ltr'><strong>syriacorum</strong></span> <span class='ocrx_word' id='word_1_745' title='bbox 1667 4797 1783 4858; x_wconf 85' lang='lat' dir='ltr'><strong>Veteris</strong></span> <span class='ocrx_word' id='word_1_746' title='bbox 1809 4799 1866 4858; x_wconf 79' lang='lat' dir='ltr'><strong>&#39;l&#39;e-</strong></span> 
     </span>
     <span class='ocr_line' id='line_1_108' title="bbox 1040 4887 1863 4966; baseline -0.007 -10"><span class='ocrx_word' id='word_1_747' title='bbox 1040 4893 1179 4956; x_wconf 87' lang='lat' dir='ltr'><strong>stamenti</strong></span> <span class='ocrx_word' id='word_1_748' title='bbox 1200 4891 1279 4950; x_wconf 89' lang='lat' dir='ltr'><strong>misit</strong></span> <span class='ocrx_word' id='word_1_749' title='bbox 1307 4889 1344 4950; x_wconf 84' lang='lat' dir='ltr'><strong>ad</strong></span> <span class='ocrx_word' id='word_1_750' title='bbox 1364 4887 1672 4950; x_wconf 67' lang='lat' dir='ltr'><strong>mansuetarios</strong></span> <span class='ocrx_word' id='word_1_751' title='bbox 1698 4887 1863 4966; x_wconf 86' lang='lat' dir='ltr'><strong>Tregellea,</strong></span> 
     </span>
     <span class='ocr_line' id='line_1_109' title="bbox 1042 4981 1863 5060; baseline -0.005 -14"><span class='ocrx_word' id='word_1_752' title='bbox 1042 4995 1100 5046; x_wconf 84' lang='lat' dir='ltr'><strong>tres</strong></span> <span class='ocrx_word' id='word_1_753' title='bbox 1127 5003 1197 5044; x_wconf 86' lang='lat' dir='ltr'><strong>vcro</strong></span> <span class='ocrx_word' id='word_1_754' title='bbox 1217 4982 1344 5044; x_wconf 81' lang='lat' dir='ltr'><strong>Psalmos</strong></span> <span class='ocrx_word' id='word_1_755' title='bbox 1363 4981 1438 5044; x_wconf 86' lang='lat' dir='ltr'><strong>milti</strong></span> <span class='ocrx_word' id='word_1_756' title='bbox 1467 4981 1619 5060; x_wconf 84' lang='lat' dir='ltr'><strong>exscripsit</strong></span> <span class='ocrx_word' id='word_1_757' title='bbox 1637 4993 1668 5042; x_wconf 93' lang='lat' dir='ltr'><strong>et</strong></span> <span class='ocrx_word' id='word_1_758' title='bbox 1685 4981 1810 5044; x_wconf 91' lang='lat' dir='ltr'><strong>contulit</strong></span> <span class='ocrx_word' id='word_1_759' title='bbox 1827 5001 1863 5042; x_wconf 80' lang='lat' dir='ltr'><strong>ex</strong></span> 
     </span>
     <span class='ocr_line' id='line_1_110' title="bbox 1042 5075 1864 5156; baseline -0.004 -17"><span class='ocrx_word' id='word_1_760' title='bbox 1042 5089 1167 5155; x_wconf 88' lang='lat' dir='ltr'><strong>utroquo</strong></span> <span class='ocrx_word' id='word_1_761' title='bbox 1186 5075 1346 5156; x_wconf 76' lang='lat' dir='ltr'><strong>exemplari</strong></span> <span class='ocrx_word' id='word_1_762' title='bbox 1374 5075 1535 5136; x_wconf 83' lang='lat' dir='ltr'><strong>Edwardus</strong></span> <span class='ocrx_word' id='word_1_763' title='bbox 1554 5077 1658 5152; x_wconf 75' lang='lat' dir='ltr'><strong>bosey.</strong></span> <span class='ocrx_word' id='word_1_764' title='bbox 1678 5077 1721 5134; x_wconf 77' lang='lat' dir='ltr'><strong>lix</strong></span> <span class='ocrx_word' id='word_1_765' title='bbox 1737 5093 1864 5152; x_wconf 85' lang='lat' dir='ltr'><strong>querunt</strong></span> 
     </span>
     <span class='ocr_line' id='line_1_111' title="bbox 1042 5167 1864 5246; baseline -0.004 -14"><span class='ocrx_word' id='word_1_766' title='bbox 1042 5171 1196 5234; x_wconf 89' lang='lat' dir='ltr'><strong>collatione</strong></span> <span class='ocrx_word' id='word_1_767' title='bbox 1214 5189 1281 5232; x_wconf 91' lang='lat' dir='ltr'><strong>carn</strong></span> <span class='ocrx_word' id='word_1_768' title='bbox 1301 5169 1401 5230; x_wconf 89' lang='lat' dir='ltr'><strong>codiee</strong></span> <span class='ocrx_word' id='word_1_769' title='bbox 1416 5181 1517 5230; x_wconf 86' lang='lat' dir='ltr'><strong>nostro</strong></span> <span class='ocrx_word' id='word_1_770' title='bbox 1531 5167 1713 5246; x_wconf 85' lang='lat' dir='ltr'><strong>deprehendi</strong></span> <span class='ocrx_word' id='word_1_771' title='bbox 1728 5187 1820 5228; x_wconf 86' lang='lat' dir='ltr'><strong>unum</strong></span> <span class='ocrx_word' id='word_1_772' title='bbox 1832 5187 1864 5229; x_wconf 89' lang='lat' dir='ltr'><strong>e·</strong></span> 
     </span>
     <span class='ocr_line' id='line_1_112' title="bbox 1042 5261 1865 5344; baseline 0 -20"><span class='ocrx_word' id='word_1_773' title='bbox 1042 5265 1173 5344; x_wconf 78' lang='lat' dir='ltr'><strong>semplar</strong></span> <span class='ocrx_word' id='word_1_774' title='bbox 1192 5284 1258 5326; x_wconf 87' lang='lat' dir='ltr'><strong>cnm</strong></span> <span class='ocrx_word' id='word_1_775' title='bbox 1277 5283 1312 5324; x_wconf 89' lang='lat' dir='ltr'><strong>eo</strong></span> <span class='ocrx_word' id='word_1_776' title='bbox 1330 5262 1509 5324; x_wconf 87' lang='lat' dir='ltr'><strong>concordare</strong></span> <span class='ocrx_word' id='word_1_777' title='bbox 1528 5261 1589 5322; x_wconf 87' lang='lat' dir='ltr'><strong>iere</strong></span> <span class='ocrx_word' id='word_1_778' title='bbox 1608 5261 1638 5324; x_wconf 89' lang='lat' dir='ltr'><strong>in</strong></span> <span class='ocrx_word' id='word_1_779' title='bbox 1658 5261 1795 5322; x_wconf 86' lang='lat' dir='ltr'><strong>omnibus</strong></span> <span class='ocrx_word' id='word_1_780' title='bbox 1809 5264 1865 5324; x_wconf 88' lang='lat' dir='ltr'><strong>mi·</strong></span> 
     </span>
     <span class='ocr_line' id='line_1_113' title="bbox 1042 5351 1865 5431; baseline 0.002 -21"><span class='ocrx_word' id='word_1_781' title='bbox 1042 5352 1272 5416; x_wconf 85' lang='lat' dir='ltr'><strong>notioribus.vel</strong></span> <span class='ocrx_word' id='word_1_782' title='bbox 1288 5354 1319 5412; x_wconf 94' lang='lat' dir='ltr'><strong>in</strong></span> <span class='ocrx_word' id='word_1_783' title='bbox 1338 5353 1454 5431; x_wconf 88' lang='lat' dir='ltr'><strong>ponetis</strong></span> <span class='ocrx_word' id='word_1_784' title='bbox 1471 5351 1640 5424; x_wconf 89' lang='lat' dir='ltr'><strong>diacritieis‚</strong></span> <span class='ocrx_word' id='word_1_785' title='bbox 1654 5351 1779 5412; x_wconf 83' lang='lat' dir='ltr'><strong>alterurn</strong></span> <span class='ocrx_word' id='word_1_786' title='bbox 1795 5369 1865 5412; x_wconf 81' lang='lat' dir='ltr'><strong>vare</strong></span> 
     </span>
     <span class='ocr_line' id='line_1_114' title="bbox 1040 5442 1865 5524; baseline -0.001 -19"><span class='ocrx_word' id='word_1_787' title='bbox 1040 5446 1137 5523; x_wconf 88' lang='lat' dir='ltr'><strong>paullo</strong></span> <span class='ocrx_word' id='word_1_788' title='bbox 1147 5443 1298 5506; x_wconf 83' lang='lat' dir='ltr'><strong>discedere</strong></span> <span class='ocrx_word' id='word_1_789' title='bbox 1312 5444 1350 5504; x_wconf 90' lang='lat' dir='ltr'><strong>ab</strong></span> <span class='ocrx_word' id='word_1_790' title='bbox 1366 5455 1499 5524; x_wconf 85' lang='lat' dir='ltr'><strong>utroque,</strong></span> <span class='ocrx_word' id='word_1_791' title='bbox 1509 5442 1560 5504; x_wconf 87' lang='lat' dir='ltr'><strong>sed</strong></span> <span class='ocrx_word' id='word_1_792' title='bbox 1575 5455 1673 5506; x_wconf 86' lang='lat' dir='ltr'><strong>tomen</strong></span> <span class='ocrx_word' id='word_1_793' title='bbox 1687 5444 1773 5506; x_wconf 72' lang='lat' dir='ltr'><strong>bone</strong></span> <span class='ocrx_word' id='word_1_794' title='bbox 1790 5457 1865 5506; x_wconf 86' lang='lat' dir='ltr'><strong>nour</strong></span> 
     </span>
     <span class='ocr_line' id='line_1_115' title="bbox 1039 5535 1865 5617; baseline -0.005 -17"><span class='ocrx_word' id='word_1_795' title='bbox 1039 5555 1114 5600; x_wconf 83' lang='lat' dir='ltr'><strong>esse.</strong></span> <span class='ocrx_word' id='word_1_796' title='bbox 1132 5541 1264 5600; x_wconf 87' lang='lat' dir='ltr'><strong>Tertium</strong></span> <span class='ocrx_word' id='word_1_797' title='bbox 1282 5538 1345 5614; x_wconf 86' lang='lat' dir='ltr'><strong>ipse</strong></span> <span class='ocrx_word' id='word_1_798' title='bbox 1363 5543 1460 5617; x_wconf 88' lang='lat' dir='ltr'><strong>reperi</strong></span> <span class='ocrx_word' id='word_1_799' title='bbox 1475 5541 1505 5599; x_wconf 95' lang='lat' dir='ltr'><strong>in</strong></span> <span class='ocrx_word' id='word_1_800' title='bbox 1519 5537 1619 5600; x_wconf 85' lang='lat' dir='ltr'><strong>codice</strong></span> <span class='ocrx_word' id='word_1_801' title='bbox 1633 5537 1749 5616; x_wconf 83' lang='lat' dir='ltr'><strong>syriaco</strong></span> <span class='ocrx_word' id='word_1_802' title='bbox 1762 5535 1865 5600; x_wconf 87' lang='lat' dir='ltr'><strong>biblio·</strong></span> 
     </span>
     <span class='ocr_line' id='line_1_116' title="bbox 1039 5627 1865 5710; baseline -0.002 -18"><span class='ocrx_word' id='word_1_803' title='bbox 1039 5631 1144 5696; x_wconf 87' lang='lat' dir='ltr'><strong>thecae</strong></span> <span class='ocrx_word' id='word_1_804' title='bbox 1155 5631 1316 5710; x_wconf 86' lang='lat' dir='ltr'><strong>imperialis</strong></span> <span class='ocrx_word' id='word_1_805' title='bbox 1327 5633 1509 5704; x_wconf 70' lang='lat' dir='ltr'><strong>parisiensis,</strong></span> <span class='ocrx_word' id='word_1_806' title='bbox 1522 5634 1566 5690; x_wconf 83' lang='lat' dir='ltr'><strong>u.⁰</strong></span> <span class='ocrx_word' id='word_1_807' title='bbox 1582 5633 1601 5696; x_wconf 73' lang='lat'>3</span> <span class='ocrx_word' id='word_1_808' title='bbox 1614 5629 1722 5692; x_wconf 84' lang='lat' dir='ltr'><strong>veteris</strong></span> <span class='ocrx_word' id='word_1_809' title='bbox 1733 5627 1865 5706; x_wconf 65' lang='lat' dir='ltr'><strong>conlegi,</strong></span> 
     </span>
    </p>
   </div>
   <div class='ocr_carea' id='block_1_7' title="bbox 0 0 2350 6405">
    <p class='ocr_par' dir='ltr' id='par_1_10' title="bbox 0 0 2350 6405">
     <span class='ocr_line' id='line_1_117' title="bbox 0 0 2350 6405; baseline 0 0"><span class='ocrx_word' id='word_1_810' title='bbox 0 0 2350 6405; x_wconf 95' lang='lat' dir='ltr'><strong> </strong></span> 
     </span>
    </p>
   </div>
  </div>
 </body>
</html>
