4652 6408
108 385 191 455 ptus,
213 395 267 438 nec
292 377 414 438 omnine
429 395 446 438 c
459 375 586 438 dirersis
604 377 688 438 libris
701 381 932 438 consarcinatus.

93 475 136 532 ‘Si
156 471 276 532 demum
295 471 526 532 consideraveris
554 470 634 530 hirec
661 487 754 530 nuum
782 469 932 542 codicem,

107 575 252 643 quantem
279 565 345 624 nevi
364 583 400 622 ex
419 562 558 642 catalogis
576 564 710 624 emnium
731 561 792 622 iere
821 562 931 624 lliblie-

107 657 261 718 thccarum
289 657 438 734 Europae,
455 674 516 716 uno
544 667 645 714 tenere
671 654 812 716 exhibere
844 658 931 716 taleni

89 743 92 750 ¹
106 763 220 811 texture
237 751 325 810 totius
337 751 371 808 ti.
382 752 415 810 T.
431 749 574 808 versionis
587 749 709 818 Pescen,
718 757 797 808 certe
806 765 931 824 aequum

102 844 261 922 judicabis,
275 854 307 903 ut
322 843 507 944 preeccteris
521 840 603 900 libris
618 839 790 920 subjiciatur
801 857 853 900 ceu
866 841 932 900 ien-

105 939 277 996 damentum
309 953 401 995 nevae
424 936 547 996 editioni
575 935 693 994 criticae
712 932 800 1012 hujus
824 933 933 1013 dignis·

104 1033 197 1090 simae
216 1033 368 1090 versionis.
769 1048 773 1059 ¹

141 1125 194 1184 Cei
211 1121 331 1202 quidem
348 1125 409 1201 jam
429 1139 445 1180 a
464 1119 580 1182 duobos
601 1121 661 1181 lere
680 1121 769 1181 annis
797 1123 930 1182 animum

104 1219 169 1292 ipsc
180 1215 304 1291 intendi,
312 1228 411 1276 metes
429 1217 457 1274 in
473 1217 573 1294 primis
584 1232 638 1274 usu
649 1214 790 1274 continue
805 1223 834 1272 et
845 1231 931 1274 num·

104 1329 195 1387 quam
215 1311 286 1372 mihi
306 1307 489 1389 prohibendo
504 1307 592 1386 liujus
607 1305 725 1376 codicis,
739 1323 826 1383 quem
842 1305 931 1364 etium

106 1405 136 1462 iu
157 1421 246 1476 opere
264 1401 395 1462 curando
414 1400 559 1478 subjicere
580 1397 656 1476 typis
677 1409 786 1474 petere,
805 1395 932 1456 lectioni·

104 1496 160 1554 bus
176 1495 395 1570 inductis,quas
413 1495 496 1552 crisis
506 1511 542 1551 ex
552 1491 663 1551 cellatis
679 1490 828 1550 codicibus
838 1503 872 1582 *ct
886 1509 933 1550 cc·

105 1591 177 1648 teris
195 1588 332 1648 subsidiis
351 1596 500 1664 suggeret,
515 1601 639 1661 querum
655 1583 748 1674 multa
764 1583 883 1660 quidem
901 1584 931 1644 io

104 1688 166 1759 ipse
188 1693 287 1740 oestro
309 1677 486 1739 bibliotheca
515 1677 586 1736 mihi
619 1687 759 1756 prestant.
792 1675 931 1754 Equidem

106 1777 175 1836 nevi
203 1775 365 1836 editionem
390 1793 426 1832 cs
454 1775 513 1832 suis
538 1773 754 1852 pretiosissimis
782 1771 930 1830 codicibus

102 1872 162 1947 jam
184 1869 359 1946 premissum
379 1867 535 1945 ablegiis
555 1864 709 1926 duodecim
735 1864 796 1924 lere
823 1863 930 1923 abhinc

105 1962 210 2032 anuis3
229 1961 280 2020 sed
300 1972 502 2036 praeterquam
521 1958 599 2036 quod
620 1957 750 2020 nendum
767 1968 847 2016 certe
863 1975 929 2032 spes

107 2051 247 2129 implendi
268 2053 420 2128 promissi,
438 2062 582 2128 quantum
602 2054 685 2122 nevi,
706 2050 845 2130 allulgct,
868 2067 928 2110 uon

105 2145 217 2206 incutitis
236 2144 360 2204 lertnsse
378 2147 435 2204 crit
452 2155 482 2203 ct
502 2161 567 2204 men
586 2161 689 2221 epere;
716 2160 791 2218 quae
814 2143 928 2202 etiamsi

106 2259 156 2318 per
191 2257 277 2300 curas
310 2237 472 2316 anglorum
505 2241 648 2309 evaserit,
677 2255 736 2297 een
771 2237 931 2314 poenitebit

71 2321 78 2338 ’
106 2334 208 2408 utique
236 2331 363 2408 suscepti
386 2332 448 2408 jam
476 2341 505 2390 ct
533 2342 602 2390 tnnc
631 2329 799 2408 deponendi
826 2331 932 2407 operis.

107 2427 231 2484 interim
261 2423 304 2484 illi
335 2425 468 2498 vacabo·,
504 2441 558 2484 ecc
590 2425 656 2502 quis
689 2441 736 2482 me
769 2433 934 2482 remoretur

107 2539 139 2578 cx
169 2519 224 2590 iis,
254 2535 330 2594 quae
362 2516 475 2576 menda
507 2517 641 2592 superius
673 2516 803 2592 suscepi,
837 2513 933 2574 subri-

108 2615 181 2672 dens
210 2613 332 2670 iertussc
357 2609 510 2688 multipiici
535 2607 638 2669 labori.
667 2609 700 2666 le
730 2607 832 2685 primis
855 2607 934 2666 enim

106 2708 224 2784 juvenis
243 2723 317 2778 sum,
335 2715 365 2764 et
383 2707 407 2764 si
427 2703 528 2764 demas
549 2701 711 2762 incidentes
730 2699 860 2772 innuite,
879 2718 932 2758 nec

107 2818 140 2856 rx
160 2816 284 2858 munere
302 2797 442 2856 continue
462 2793 651 2874 praestandus
670 2811 782 2871 operas,
796 2811 871 2870 quac
890 2804 931 2852 ta·

110 2909 175 2950 tuen
204 2901 318 2970 partem
347 2889 486 2969 temporis
514 2889 571 2950 mei
597 2889 739 2948 minorem
767 2885 932 2964 postulant,

109 3003 201 3044 onum
220 3001 268 3044 me
286 2983 380 3044 debeo
393 2981 560 3060 hujusmodi
577 2982 693 3051 studiis,
708 2997 796 3058 sopra
811 2978 930 3040 modum

111 3078 180 3138 mibi
201 3077 386 3138 dulcissimis.
398 3077 428 3136 Si
443 3087 541 3136 autem
552 3074 709 3134 editionem
725 3073 867 3132 versionis
880 3073 932 3132 iic·

111 3175 237 3251 rapiaris
269 3172 434 3250 exceperis,
461 3181 557 3232 cetera
586 3168 725 3230 leviorem
752 3177 783 3226 et
811 3165 933 3226 brevem

109 3283 226 3344 operam
244 3264 414 3326 desiderare
432 3265 554 3342 quisquc
571 3263 663 3334 videt,
678 3273 707 3323 ct
721 3261 854 3322 levamen
871 3259 934 3320 iere

30 3371 31 3379 ¹
110 3361 204 3436 potius
224 3359 303 3418 illius
315 3357 460 3417 editionis.
470 3357 551 3429 Quae
563 3356 693 3433 quidem,
711 3355 778 3415 licet
792 3357 862 3415 satis
872 3371 934 3414 mn·

31 3427 33 3480 ἶ
112 3469 183 3520 resa,
202 3449 274 3526 quio
294 3467 341 3508 me
359 3447 398 3506 ah
415 3467 449 3508 ea
469 3449 614 3510 versionis
634 3449 747 3508 Pescite
770 3458 931 3518 removeat,

32 3545 33 3549 ’
110 3543 187 3618 juvat
207 3553 237 3600 et
255 3531 421 3620 praeparat.
439 3543 552 3600 Etenim
573 3559 665 3602 uuum
685 3560 702 3600 e
719 3541 850 3602 lontibus
875 3541 931 3600 cri·

113 3639 172 3696 ticis
189 3637 255 3716 ejus
273 3639 376 3716 aperit,
393 3647 423 3696 et
442 3635 513 3696 mihi
534 3635 709 3696 familiarem
728 3635 824 3696 reddit
843 3636 933 3694 maxi·

35 3785 36 3805 ,
113 3749 170 3803 mc,
187 3749 255 3790 cern
272 3731 302 3789 in
317 3729 447 3790 editione
469 3731 707 3806 criticaJ’cscitn
732 3728 933 3805 investiganda

114 3825 165 3882 sint
184 3826 284 3882 emula
303 3840 378 3899 quac
393 3841 409 3881 n
425 3823 558 3882 versione
573 3823 727 3901 flevapluri
746 3821 873 3882 derivari
885 3839 934 3898 po·

38 3975 39 3990 ,
115 3919 240 3989 tuerint,
270 3918 382 3976 et'ideu
402 3917 578 3995 rejicienda,
604 3927 636 3976 ut
657 3918 803 3993 primaeva
823 3916 934 3993 peritas

39 4079 40 4092 χ
116 4011 335 4068 restituottrr.ln
350 4009 426 4068 netis
445 4017 593 4086 praetcrea
609 4007 745 4068 editionis
765 4008 935 4088 Hexaplaris

117 4120 197 4161 osum
217 4101 298 4162 disce
318 4102 477 4162 faciliorem
506 4101 632 4179 plurium
657 4099 855 4160 subsidiorum
883 4119 936 4179 pro

40 4227 41 4231 =
117 4195 177 4256 crisi
197 4197 319 4268 l‘escito,
338 4195 489 4254 versiones
521 4193 651 4272 intelligo
672 4197 846 4266 hrmcnum,
867 4197 935 4252 lira·

118 4291 199 4362 biens,
218 4289 400 4360 Chaldaicos,
417 4299 447 4347 ct
467 4288 630 4347 llcbrncnm
657 4287 856 4366 archetypum.
885 4287 936 4345 llic

119 4384 190 4440 cuim
204 4399 265 4442 non
285 4383 316 4439 in
337 4393 417 4440 terto
434 4381 581 4440 communi
597 4381 767 4458 simpliciter
785 4397 937 4440 assumen-

119 4473 252 4544 dus,cem
265 4477 326 4554 jam
342 4474 585 4554 deprehenderim
602 4491 663 4535 nen
682 4491 749 4532 rare
767 4473 805 4531 ab
825 4474 880 4533 iste
894 4471 937 4532 di-

120 4571 229 4628 scedere
251 4570 374 4640 Pescite,
385 4578 418 4627 ut
432 4567 570 4628 lectiones
585 4565 779 4644 singularium
803 4566 937 4626 codicum

124 4674 275 4737 sequerer,
301 4677 427 4738 querum
455 4659 649 4719 conditionem
669 4658 770 4718 saltem
796 4677 832 4717 ex
857 4671 938 4736 perte

124 4751 272 4814 decimabo
291 4755 321 4812 in
347 4753 566 4831 Prelcgomcnis
589 4752 732 4811 versionis
761 4751 939 4827 Hexapleris.

127 4843 237 4906 Arabica
257 4849 354 4907 versio
373 4863 425 4924 pre
444 4845 578 4924 pluribus
603 4845 685 4903 libris
709 4845 754 4902 vcl
779 4843 864 4904 editis
891 4843 937 4902 vel

128 4957 197 5011 mss,
213 4941 263 5017 qui
284 4941 373 5000 etiam
400 4937 436 4998 ud
466 4957 570 4998 manus
589 4949 680 5010 suut,
707 4949 750 4997 cst
769 4957 785 4995 o
804 4939 937 4996 versione

127 5029 238 5094 Poscite.
261 5035 388 5092 Armene
407 5031 504 5110 plures
523 5051 558 5090 cx
578 5031 632 5091 hnc
650 5031 788 5090 lectiones
802 5031 937 5107 suscepit,

128 5125 308 5196 probabiliter
317 5143 353 5185 cx
368 5127 492 5203 eriginc,
505 5135 589 5186 caute
603 5124 720 5202 quidem
737 5123 937 5196 assumendas,

128 5219 308 5282 ιιάιιιιιὶιιιί
327 5219 485 5279 iaciendas.
512 5219 683 5279 Chaldaicos
707 5215 825 5278 deorum
853 5235 936 5295 pare·

130 5307 238 5382 phrases
248 5331 306 5374 una
316 5311 940 5392 cumpluribuslibrisliebraeerumvctercs

131 5403 224 5466 imum
244 5407 500 5487 interpretationes
516 5405 683 5478 relerentes,
696 5423 821 5481 quarum
835 5404 940 5465 nouitas

132 5497 157 5554 in
184 5499 290 5561 Pescite
306 5498 507 5578 'deprehendit
533 5497 560 5558 J.
583 5497 680 5558 Perles
708 5499 737 5558 in
765 5493 942 5558 Meletemcte

133 5589 518 5660 Prschitthnoieuu,omnine
532 5589 726 5650 excutiendae
745 5591 870 5662 suntsi,
889 5591 938 5668 qui

134 5681 200 5742 banc
213 5689 360 5765 antiquam
367 5687 532 5746 versionem
549 5683 693 5743 edendam
704 5684 833 5761 suscipit,
844 5685 873 5744 in
883 5703 940 5761 qua

1022 381 1236 459 ploratortassa
1255 384 1518 463 interpretamenta
1538 381 1606 476 indp
1625 385 1791 464 repetenda.
1809 387 1845 446 Et

1023 475 1220 553 haecquidem
1228 475 1288 552 jam
1304 495 1342 536 ex
1353 487 1435 554 parte
1445 475 1624 535 adumbrunt
1641 478 1783 538 rationem
1797 495 1844 540 sn·

1021 565 1186 645 scipioedse
1204 568 1348 629 editionis.
1372 570 1426 628 Pro
1445 569 1581 630 subsidiis
1599 587 1669 628 vere
1687 573 1780 648 magis
1799 569 1843 630 di·

1021 658 1108 718 rectis
1124 669 1185 718 tum
1206 677 1292 736 opera
1319 661 1436 720 Patrem
1452 671 1482 720 et
1497 661 1677 737 Scriptorum
1691 663 1844 738 Syrorum,

1020 762 1162 828 quotquot
1180 753 1309 812 nancisci
1329 764 1449 827 potere,
1478 752 1588 832 legam,
1619 763 1680 812 turn
1700 751 1844 812 editiones

1020 861 1132 916 omncs,
1151 856 1181 904 ct
1197 844 1309 904 codices
1327 855 1357 902 et
1376 856 1490 904 nusum
1509 855 1540 904 et
1559 861 1610 921 per
1625 845 1767 924 Europam
1787 844 1845 904 dis·

1021 955 1122 1014 perses
1140 938 1298 1008 cenicram,
1318 937 1501 1014 pretiosiores
1519 935 1636 1013 quidem
1658 947 1749 1008 tetes,
1766 947 1843 996 ccic-

1022 1048 1070 1090 res
1080 1029 1182 1090 saltem
1195 1032 1224 1090 in
1236 1029 1304 1088 locis
1319 1030 1433 1088 selectis
1442 1038 1506 1104 pest
1518 1027 1842 1090 cellationemnmnium

1021 1123 1183 1182 editionum
1203 1135 1233 1182 ct
1252 1121 1379 1198 plurium
1399 1142 1416 1181 c
1435 1122 1581 1195 prioribus
1599 1121 1761 1194 codicibus,
1779 1124 1843 1182 ani·

1021 1233 1103 1274 mum
1120 1217 1210 1274 etiam
1230 1215 1399 1286 intendens,
1413 1225 1448 1276 ot
1460 1214 1640 1294 distinguam
1654 1214 1765 1276 cedices
1780 1226 1842 1276 tom

1021 1308 1247 1383 catholicorum,
1261 1319 1323 1368 tum
1342 1309 1593 1380 Nestorianerum,
1605 1319 1669 1368 tum
1683 1308 1842 1387 Menophy·

1020 1403 1162 1474 sitorum,
1190 1415 1222 1463 ut
1241 1401 1374 1462 inductas
1393 1404 1514 1461 fortasse
1533 1419 1569 1461 cx
1587 1400 1729 1460 ‹liv'isionc
1748 1411 1844 1460 tentus

1022 1487 1195 1556 moiatienes
1210 1495 1311 1556 sedule
1330 1505 1437 1556 notem.
1448 1495 1654 1556 tnhisautsm
1665 1496 1844 1555 carissusci·

1023 1591 1135 1664 piendis
1154 1609 1208 1651 nen
1227 1589 1354 1652 efficiunt
1375 1593 1506 1652 muueris
1525 1609 1571 1649 me
1592 1589 1748 1667 prohibet,
1774 1606 1842 1650 cum

1022 1701 1075 1760 pre
1093 1683 1258 1763 hujusmodi
1277 1682 1380 1743 studiis
1401 1682 1485 1742 liccat
1500 1681 1667 1741 doctoribus
1681 1681 1845 1740 Ambrosio·

1023 1780 1068 1836 uis
1086 1796 1120 1836 cx
1133 1795 1235 1836 corum
1245 1775 1512 1837 constitutionibus
1527 1773 1619 1833 velud
1636 1790 1728 1832 annes
1743 1773 1845 1832 abesse

1019 1889 1035 1928 a
1055 1871 1241 1929 Bibliotheca.
1261 1869 1392 1928 Omnino
1409 1867 1500 1927 editio
1519 1867 1621 1926 critica
1641 1869 1676 1925 V.
1689 1867 1722 1924 T.
1738 1867 1844 1925 versie-

1020 1963 1065 2022 uis
1083 1964 1195 2022 Pescito
1213 1981 1280 2022 cunr
1300 1964 1433 2022 versione
1452 1961 1562 2028 latina,
1583 1959 1796 2039 prolegomenis
1814 1970 1844 2018 et

1020 2057 1115 2128 notis,
1142 2055 1172 2114 io
1201 2052 1307 2132 quibus
1334 2053 1490 2114 societates
1522 2051 1730 2123 adducantur,
1756 2063 1843 2112 testes

1018 2165 1134 2225 queque
1146 2148 1294 2206 constituti
1309 2157 1405 2207 textus
1420 2144 1628 2216 exhibeantur,
1647 2161 1749 2204 omncs
1773 2163 1843 2204 rere

1019 2239 1232 2310 discutiantur,
1257 2239 1446 2316 praecipuum
1466 2247 1512 2297 cst
1530 2249 1663 2298 veterem
1692 2256 1843 2309 meorum,

1020 2331 1097 2409 qued
1114 2332 1198 2391 iovee
1217 2333 1426 2404 amantissime,
1440 2342 1469 2390 et
1484 2331 1615 2406 quetidie
1630 2331 1767 2390 recorder
1779 2328 1844 2390 dul·

1022 2425 1156 2494 cissime‚
1174 2435 1204 2482 et
1223 2427 1380 2484 recordans
1398 2423 1600 2484 enthusiasme
1617 2424 1768 2500 corripior,
1786 2439 1844 2500 qne

1023 2515 1118 2574 solute
1136 2515 1247 2575 facilior
1261 2534 1340 2575 mers
1354 2515 1427 2580 mihi
1442 2515 1540 2576 lutura
1555 2515 1683 2576 videtur.
1696 2519 1732 2578 ht
1747 2517 1843 2576 nubes

1024 2608 1147 2668 tortasse
1167 2609 1311 2686 prospicio
1329 2611 1455 2680 inanes,
1479 2625 1534 2668 occ
1561 2607 1721 2685 quidquem
1749 2608 1843 2668 ausim

1025 2702 1214 2778 promitterc3
1236 2700 1287 2760 scd
1304 2701 1391 2759 liceat
1410 2701 1513 2762 saltem
1541 2683 1655 2780 aperire
1674 2700 1842 2762 adelescen-

1022 2797 1075 2856 tuli
1095 2813 1175 2856 more
1190 2813 1256 2872 spes
1275 2813 1364 2855 meas.
1384 2796 1507 2856 luterim
1527 2807 1624 2855 taruen
1643 2813 1763 2872 operam
1784 2813 1843 2856 non

1022 2891 1205 2960 intermitte;
1228 2890 1380 2953 lcvnminis
1398 2907 1483 2951 causa
1505 2889 1583 2950 inter
1601 2887 1716 2948 labores
1733 2899 1845 2948 eeteros

1019 2981 1148 3042 codicem
1168 2983 1345 3060 pretiosum,
1363 2981 1400 3042 dc
1417 2999 1476 3059 que
1494 2981 1575 3054 diri,
1592 2982 1745 3042 subcisivis
1764 2980 1844 3040 heris

1020 3073 1165 3146 describe,
1182 3072 1222 3132 ud
1236 3093 1323 3152 quem
1343 3073 1463 3134 conloco
1482 3076 1622 3148 subsidia,
1638 3078 1745 3152 quibus
1764 3093 1844 3134 ostric

1023 3169 1063 3228 uti
1084 3169 1171 3242 licet,
1200 3167 1359 3229 collaturos
1379 3169 1416 3228 ud
1435 3168 1563 3232 eundem
1589 3171 1619 3228 iu
1648 3179 1795 3246 posterum
1814 3181 1844 3230 et

1022 3273 1131 3334 cetere,
1148 3261 1265 3323 lectioni
1284 3262 1348 3340 ejus
1367 3262 1496 3334 nitendo,
1509 3273 1547 3322 ut
1565 3273 1662 3322 textus
1680 3271 1710 3321 ct
1727 3261 1845 3340 linguae

1024 3357 1115 3431 ipsius
1135 3356 1264 3416 indolem
1283 3357 1436 3425 imbihsm,
1454 3367 1487 3416 ut
1507 3356 1576 3418 inde
1591 3358 1678 3435 juver
1706 3359 1736 3416 in
1764 3367 1844 3416 textu

1020 3449 1243 3524 constituendo,
1256 3449 1399 3528 quidquid
1414 3450 1532 3510 demum
1547 3453 1682 3522 occurrit,
1698 3453 1845 3530 preposite

1021 3561 1086 3604 mco
1104 3545 1192 3614 utile,
1220 3547 1248 3603 in
1275 3544 1440 3605 adversarie
1468 3547 1603 3624 conjicio.
1623 3547 1728 3606 ilerter
1746 3557 1843 3606 tamen
1882 3549 1883 3552 ’

1022 3648 1051 3696 ct
1070 3653 1173 3713 prccor
1191 3655 1310 3708 omnes,
1328 3638 1352 3698 si
1371 3643 1421 3714 qni
1441 3647 1524 3709 suut,
1541 3641 1591 3716 qui
1611 3637 1688 3698 idem
1707 3655 1779 3716 epus
1798 3657 1845 3698 su·

1022 3733 1188 3808 scepcriot,
1207 3741 1239 3790 ut
1266 3749 1304 3790 ne
1323 3749 1375 3807 per
1406 3749 1452 3793 inc
1477 3731 1548 3793 illud
1574 3731 1739 3803 dimittunt,
1767 3729 1844 3807 qued

1024 3823 1183 3902 perlectum
1204 3824 1249 3883 vrl
1268 3841 1314 3884 me
1334 3823 1398 3882 sine
1417 3825 1475 3884 uilo
1495 3839 1530 3883 ex
1550 3841 1615 3883 meu
1634 3836 1717 3900 porte
1736 3823 1844 3886 invidio

1023 3937 1039 3975 a
1060 3933 1125 3975 meo
1142 3913 1345 3983 retrahet,ch
1367 3935 1414 3978 mc
1432 3915 1591 3995 adjuvabit,
1609 3929 1641 3977 ut
1660 3919 1757 3976 minus
1774 3916 1846 3976 inle-

1024 4009 1117 4070 liciter
1132 4027 1229 4068 meum
1250 4027 1396 4087 peragam.
1421 4009 1478 4070 Sed
1496 4020 1525 4069 ct
1544 4027 1659 4089 semper
1678 4026 1737 4068 nnn
1757 4010 1846 4069 inuti-

1024 4103 1081 4164 lem
1097 4101 1248 4180 reputebo,
1264 4119 1445 4179 rnecumqec,
1460 4120 1554 4181 spero,
1568 4101 1848 4174 censentieutdecti,

1026 4195 1112 4254 etium
1132 4193 1294 4270 duplicem,
1316 4194 1459 4274 triplicem
1479 4213 1494 4252 a
1514 4194 1638 4253 diversis
1661 4195 1774 4253 diversa
1800 4212 1846 4253 ra·

1028 4287 1107 4346 tiene
1121 4287 1287 4347 institutum
1303 4286 1461 4347 editionem
1478 4287 1619 4346 versionis
1635 4297 1759 4358 nestrae,
1772 4305 1848 4364 quac

1026 4383 1199 4457 antiquitate
1215 4399 1273 4440 een
1289 4381 1366 4441 cedit
1385 4393 1464 4440 ccrte
1480 4381 1535 4440 uisi
1549 4381 1601 4440 uni
1616 4383 1692 4440 Lxx
1707 4383 1850 4453 virerum,

1026 4487 1055 4534 ct
1073 4472 1203 4534 derivata
1222 4485 1267 4532 cst
1286 4493 1301 4532 o
1320 4472 1469 4533 codicibus
1489 4475 1599 4550 petriac
1618 4473 1784 4551 archetypi,
1802 4475 1847 4532 vcl

1026 4565 1129 4626 saltem
1148 4565 1216 4624 huic
1235 4567 1340 4624 vicinis
1366 4577 1396 4624 ct
1422 4566 1649 4642 antiquissimis3
1680 4577 1708 4625 ct
1735 4585 1848 4626 sosoma

1028 4670 1142 4736 peracto
1161 4658 1216 4720 luit
1233 4659 1387 4734 utriusque
1411 4659 1553 4716 sermonis
1572 4659 1674 4736 peritia
1703 4669 1734 4717 et
1768 4657 1848 4716 lidis·

1029 4753 1375 4829 simainterpretatienc3
1402 4761 1431 4811 et
1459 4769 1541 4810 usum
1570 4752 1742 4810 continuum
1771 4751 1847 4812 obti-

1027 4845 1093 4904 nuit
1111 4863 1127 4902 n
1146 4839 1313 4924 primordiis
1331 4843 1513 4903 Christianae
1532 4844 1682 4920 religionis
1696 4845 1724 4904 in
1741 4843 1849 4924 dignis·

1026 4938 1100 4997 sima
1120 4937 1243 4996 Ecclesia
1264 4937 1390 5015 Syriaco,
1410 4935 1492 5012 cujus
1512 4946 1608 5011 parics
1632 4935 1677 4995 vel
1698 4955 1713 4995 a
1733 4955 1850 5013 separa·

1027 5030 1155 5090 tionibus
1166 5029 1254 5091 seculi
1265 5034 1288 5090 V
1300 5049 1365 5089 enm
1375 5030 1464 5090 veluti
1475 5047 1660 5090 communem
1678 5029 1849 5091 thesaurum

1026 5143 1125 5184 sceum
1153 5123 1293 5196 tulerunt,
1311 5135 1341 5182 et
1360 5121 1498 5182 fidissime
1522 5135 1731 5183 conservarunt
1751 5123 1781 5182 in
1802 5143 1850 5184 ra·

1031 5219 1082 5278 riis
1100 5223 1136 5277 'ex
1155 5219 1281 5293 portium
1300 5218 1485 5292 superatione
1503 5217 1745 5277 derivationibus.

1065 5312 1129 5372 Jam
1150 5309 1213 5382 his,
1227 5329 1300 5386 quae
1320 5309 1403 5369 initio
1422 5310 1609 5390 praelationis
1629 5327 1852 5387 proposueram,

1031 5405 1174 5475 satisieci,
1194 5405 1338 5481 totiusque
1357 5403 1419 5464 iere
1437 5407 1531 5476 vitae,
1548 5423 1636 5482 quam
1655 5406 1734 5466 Deus
1752 5423 1852 5466 cence-

1030 5499 1100 5560 dcre
1119 5500 1300 5576 dignabitur,
1319 5517 1437 5576 operam
1456 5499 1615 5560 delineari.
1634 5499 1665 5558 Si
1686 5499 1756 5578 quid
1775 5501 1853 5560 docti

1028 5591 1084 5650 viri
1103 5591 1236 5650 indicare
1254 5591 1419 5664 volueriut,
1451 5603 1535 5672 grato
1563 5593 1664 5652 anime
1682 5593 1856 5670 suscipism3

1029 5671 1158 5760 opte,'ut
1173 5681 1306 5763 iudicent
1325 5687 1498 5763 praesertim
1517 5685 1555 5745 de
1574 5689 1699 5760 ratione,
1716 5703 1805 5764 quam
1823 5687 1853 5744 in
