<?xml version="1.0" encoding="UTF-8"?>
<!DOCTYPE html PUBLIC "-//W3C//DTD XHTML 1.0 Transitional//EN"
    "http://www.w3.org/TR/xhtml1/DTD/xhtml1-transitional.dtd">
<html xmlns="http://www.w3.org/1999/xhtml" xml:lang="en" lang="en">
 <head>
  <title>
</title>
<meta http-equiv="Content-Type" content="text/html;charset=utf-8" />
  <meta name='ocr-system' content='tesseract 3.04.00' />
  <meta name='ocr-capabilities' content='ocr_page ocr_carea ocr_par ocr_line ocrx_word'/>
</head>
<body>
  <div class='ocr_page' id='page_1' title='image "./fragmentumactuu00unkngoog/fragmentumactuu00unkngoog_0206.png"; bbox 0 0 4710 6432; ppageno 0'>
   <div class='ocr_carea' id='block_1_1' title="bbox 986 229 1172 308">
    <p class='ocr_par' dir='ltr' id='par_1_1' title="bbox 986 229 1172 308">
     <span class='ocr_line' id='line_1_1' title="bbox 986 229 1172 308; baseline 0 -20"><span class='ocrx_word' id='word_1_1' title='bbox 986 229 1172 308; x_wconf 77' lang='lat'>..95-</span> 
     </span>
    </p>
   </div>
   <div class='ocr_carea' id='block_1_2' title="bbox 203 381 1029 1044">
    <p class='ocr_par' dir='ltr' id='par_1_2' title="bbox 203 381 1029 722">
     <span class='ocr_line' id='line_1_2' title="bbox 205 381 1029 470; baseline -0.012 -5"><span class='ocrx_word' id='word_1_2' title='bbox 205 409 278 466; x_wconf 86' lang='lat' dir='ltr'><strong>ram</strong></span> <span class='ocrx_word' id='word_1_3' title='bbox 297 395 358 464; x_wconf 91' lang='lat' dir='ltr'><strong>aut</strong></span> <span class='ocrx_word' id='word_1_4' title='bbox 375 387 420 463; x_wconf 88' lang='lat' dir='ltr'><strong>ad</strong></span> <span class='ocrx_word' id='word_1_5' title='bbox 436 382 624 470; x_wconf 70' lang='lat' dir='ltr'><strong>sinistram,</strong></span> <span class='ocrx_word' id='word_1_6' title='bbox 643 383 710 460; x_wconf 92' lang='lat' dir='ltr'><strong>sed</strong></span> <span class='ocrx_word' id='word_1_7' title='bbox 721 384 799 460; x_wconf 81' lang='lat' dir='ltr'><strong>sola</strong></span> <span class='ocrx_word' id='word_1_8' title='bbox 816 389 851 460; x_wconf 91' lang='lat' dir='ltr'><strong>et</strong></span> <span class='ocrx_word' id='word_1_9' title='bbox 869 381 956 458; x_wconf 83' lang='lat' dir='ltr'><strong>vade</strong></span> <span class='ocrx_word' id='word_1_10' title='bbox 974 381 1029 456; x_wconf 85' lang='lat' dir='ltr'><strong>ria</strong></span> 
     </span>
     <span class='ocr_line' id='line_1_3' title="bbox 203 511 1029 601; baseline -0.01 -9"><span class='ocrx_word' id='word_1_11' title='bbox 203 525 308 601; x_wconf 88' lang='lat' dir='ltr'><strong>rocta,</strong></span> <span class='ocrx_word' id='word_1_12' title='bbox 328 525 368 592; x_wconf 92' lang='grc' dir='ltr'><strong>ιι</strong></span> <span class='ocrx_word' id='word_1_13' title='bbox 393 515 571 590; x_wconf 76' lang='lat' dir='ltr'><strong>custodias</strong></span> <span class='ocrx_word' id='word_1_14' title='bbox 587 514 789 588; x_wconf 88' lang='lat' dir='ltr'><strong>mandatum</strong></span> <span class='ocrx_word' id='word_1_15' title='bbox 808 513 921 586; x_wconf 83' lang='lat' dir='ltr'><strong>Fortis</strong></span> <span class='ocrx_word' id='word_1_16' title='bbox 938 511 1029 586; x_wconf 91' lang='lat' dir='ltr'><strong>sicut</strong></span> 
     </span>
     <span class='ocr_line' id='line_1_4' title="bbox 203 644 372 722; baseline -0.018 -2"><span class='ocrx_word' id='word_1_17' title='bbox 203 645 280 722; x_wconf 85' lang='lat' dir='ltr'><strong>dixi</strong></span> <span class='ocrx_word' id='word_1_18' title='bbox 296 644 372 719; x_wconf 88' lang='lat' dir='ltr'><strong>tibi.</strong></span> 
     </span>
    </p>

    <p class='ocr_par' dir='ltr' id='par_1_3' title="bbox 216 839 1011 1044">
     <span class='ocr_line' id='line_1_5' title="bbox 344 839 888 906; baseline -0.004 -2"><span class='ocrx_word' id='word_1_19' title='bbox 344 849 506 906; x_wconf 77' lang='lat' dir='ltr'><strong>nussum</strong></span> <span class='ocrx_word' id='word_1_20' title='bbox 524 850 655 903; x_wconf 83' lang='grc' dir='ltr'>ιιιιιιι</span> <span class='ocrx_word' id='word_1_21' title='bbox 673 839 888 902; x_wconf 80' lang='lat' dir='ltr'><strong>ruossano</strong></span> 
     </span>
     <span class='ocr_line' id='line_1_6' title="bbox 216 975 1011 1044; baseline -0.008 -10"><span class='ocrx_word' id='word_1_22' title='bbox 216 979 305 1044; x_wconf 76' lang='lat' dir='ltr'><strong>ouen</strong></span> <span class='ocrx_word' id='word_1_23' title='bbox 324 978 465 1032; x_wconf 85' lang='lat' dir='ltr'><strong>somasm</strong></span> <span class='ocrx_word' id='word_1_24' title='bbox 484 977 596 1038; x_wconf 79' lang='lat' dir='ltr'><strong>sorno</strong></span> <span class='ocrx_word' id='word_1_25' title='bbox 615 977 775 1030; x_wconf 79' lang='lat' dir='ltr'><strong>ruinosus</strong></span> <span class='ocrx_word' id='word_1_26' title='bbox 793 977 835 1030; x_wconf 84' lang='grc' dir='ltr'><strong>ιιι</strong></span> <span class='ocrx_word' id='word_1_27' title='bbox 853 975 1011 1029; x_wconf 82' lang='grc' dir='ltr'>ιιιιιιιι.</span> 
     </span>
    </p>
   </div>
   <div class='ocr_carea' id='block_1_3' title="bbox 258 1103 1025 1248">
    <p class='ocr_par' dir='ltr' id='par_1_4' title="bbox 258 1103 1025 1248">
     <span class='ocr_line' id='line_1_7' title="bbox 258 1103 1025 1248; baseline -0.005 -18"><span class='ocrx_word' id='word_1_28' title='bbox 258 1103 320 1230; x_wconf 71' lang='lat' dir='ltr'><strong>rs}</strong></span> <span class='ocrx_word' id='word_1_29' title='bbox 353 1155 447 1228; x_wconf 73' lang='lat' dir='ltr'><strong>uana</strong></span> <span class='ocrx_word' id='word_1_30' title='bbox 477 1161 565 1248; x_wconf 73' lang='lat' dir='ltr'><strong>suaa</strong></span> <span class='ocrx_word' id='word_1_31' title='bbox 587 1153 694 1226; x_wconf 77' lang='lat' dir='ltr'><strong>veroa</strong></span> <span class='ocrx_word' id='word_1_32' title='bbox 723 1153 893 1243; x_wconf 69' lang='lat' dir='ltr'><strong>aursana</strong></span> <span class='ocrx_word' id='word_1_33' title='bbox 918 1153 1025 1236; x_wconf 74' lang='grc' dir='ltr'>ιιιιιι</span> 
     </span>
    </p>
   </div>
   <div class='ocr_carea' id='block_1_4' title="bbox 194 1280 1027 1516">
    <p class='ocr_par' dir='ltr' id='par_1_5' title="bbox 194 1280 1027 1516">
     <span class='ocr_line' id='line_1_8' title="bbox 194 1280 1025 1374; baseline -0.007 -17"><span class='ocrx_word' id='word_1_34' title='bbox 194 1301 308 1374; x_wconf 82' lang='lat' dir='ltr'><strong>,quam</strong></span> <span class='ocrx_word' id='word_1_35' title='bbox 341 1283 437 1356; x_wconf 89' lang='lat' dir='ltr'><strong>misit</strong></span> <span class='ocrx_word' id='word_1_36' title='bbox 461 1283 597 1356; x_wconf 84' lang='lat' dir='ltr'><strong>ltarucb</strong></span> <span class='ocrx_word' id='word_1_37' title='bbox 628 1281 722 1354; x_wconf 86' lang='lat' dir='ltr'><strong>tilius</strong></span> <span class='ocrx_word' id='word_1_38' title='bbox 748 1280 871 1356; x_wconf 87' lang='lat' dir='ltr'><strong>Neriae</strong></span> <span class='ocrx_word' id='word_1_39' title='bbox 897 1298 1025 1354; x_wconf 85' lang='lat' dir='ltr'><strong>norem</strong></span> 
     </span>
     <span class='ocr_line' id='line_1_9' title="bbox 200 1408 1027 1516; baseline -0.002 -32"><span class='ocrx_word' id='word_1_40' title='bbox 200 1411 365 1516; x_wconf 81' lang='lat' dir='ltr'><strong>tribubus</strong></span> <span class='ocrx_word' id='word_1_41' title='bbox 382 1418 418 1484; x_wconf 92' lang='lat' dir='ltr'><strong>et</strong></span> <span class='ocrx_word' id='word_1_42' title='bbox 434 1411 614 1494; x_wconf 88' lang='lat' dir='ltr'><strong>dimidiae,</strong></span> <span class='ocrx_word' id='word_1_43' title='bbox 630 1427 719 1502; x_wconf 76' lang='lat' dir='ltr'><strong>utrae</strong></span> <span class='ocrx_word' id='word_1_44' title='bbox 734 1415 833 1484; x_wconf 91' lang='lat' dir='ltr'><strong>arant</strong></span> <span class='ocrx_word' id='word_1_45' title='bbox 849 1415 945 1482; x_wconf 90' lang='lat' dir='ltr'><strong>trans</strong></span> <span class='ocrx_word' id='word_1_46' title='bbox 962 1408 1027 1482; x_wconf 88' lang='lat' dir='ltr'><strong>tlu-</strong></span> 
     </span>
    </p>
   </div>
   <div class='ocr_carea' id='block_1_5' title="bbox 202 1533 1071 1644">
    <p class='ocr_par' dir='ltr' id='par_1_6' title="bbox 202 1533 1071 1644">
     <span class='ocr_line' id='line_1_10' title="bbox 202 1533 1071 1644; baseline -0.005 -32"><span class='ocrx_word' id='word_1_47' title='bbox 202 1557 296 1622; x_wconf 89' lang='lat' dir='ltr'><strong>meu,</strong></span> <span class='ocrx_word' id='word_1_48' title='bbox 317 1539 443 1642; x_wconf 79' lang='lat' dir='ltr'><strong>inqua</strong></span> <span class='ocrx_word' id='word_1_49' title='bbox 468 1537 599 1630; x_wconf 87' lang='lat' dir='ltr'><strong>scripta</strong></span> <span class='ocrx_word' id='word_1_50' title='bbox 619 1543 718 1644; x_wconf 84' lang='lat' dir='ltr'><strong>eraut</strong></span> <span class='ocrx_word' id='word_1_51' title='bbox 740 1535 837 1610; x_wconf 88' lang='lat' dir='ltr'><strong>baec.</strong></span> <span class='ocrx_word' id='word_1_52' title='bbox 865 1535 924 1609; x_wconf 85' lang='lat' dir='ltr'><strong>Sia</strong></span> <span class='ocrx_word' id='word_1_53' title='bbox 943 1533 1027 1612; x_wconf 91' lang='lat' dir='ltr'><strong>diolt</strong></span> <span class='ocrx_word' id='word_1_54' title='bbox 1066 1548 1071 1554; x_wconf 71' lang='grc'><strong>“</strong></span> 
     </span>
    </p>
   </div>
   <div class='ocr_carea' id='block_1_6' title="bbox 201 1639 1025 2000">
    <p class='ocr_par' dir='ltr' id='par_1_7' title="bbox 201 1639 1025 2000">
     <span class='ocr_line' id='line_1_11' title="bbox 202 1639 1023 1772; baseline -0.005 -34"><span class='ocrx_word' id='word_1_55' title='bbox 202 1663 338 1772; x_wconf 78' lang='lat' dir='ltr'><strong>Barucb</strong></span> <span class='ocrx_word' id='word_1_56' title='bbox 355 1639 449 1740; x_wconf 84' lang='lat' dir='ltr'><strong>lilius</strong></span> <span class='ocrx_word' id='word_1_57' title='bbox 467 1665 591 1738; x_wconf 89' lang='lat' dir='ltr'><strong>Neriae</strong></span> <span class='ocrx_word' id='word_1_58' title='bbox 609 1661 773 1736; x_wconf 89' lang='lat' dir='ltr'><strong>iratribus</strong></span> <span class='ocrx_word' id='word_1_59' title='bbox 791 1663 828 1734; x_wconf 92' lang='lat' dir='ltr'><strong>io</strong></span> <span class='ocrx_word' id='word_1_60' title='bbox 847 1661 1023 1753; x_wconf 84' lang='lat' dir='ltr'><strong>eaptivita-</strong></span> 
     </span>
     <span class='ocr_line' id='line_1_12' title="bbox 203 1789 1025 1881; baseline -0.007 -13"><span class='ocrx_word' id='word_1_61' title='bbox 203 1799 274 1868; x_wconf 88' lang='lat' dir='ltr'><strong>tem</strong></span> <span class='ocrx_word' id='word_1_62' title='bbox 291 1791 472 1866; x_wconf 88' lang='lat' dir='ltr'><strong>abductis:</strong></span> <span class='ocrx_word' id='word_1_63' title='bbox 499 1789 739 1864; x_wconf 77' lang='lat' dir='ltr'><strong>Misericordia</strong></span> <span class='ocrx_word' id='word_1_64' title='bbox 755 1796 791 1864; x_wconf 90' lang='lat' dir='ltr'><strong>et</strong></span> <span class='ocrx_word' id='word_1_65' title='bbox 808 1803 876 1881; x_wconf 82' lang='lat' dir='ltr'><strong>pua</strong></span> <span class='ocrx_word' id='word_1_66' title='bbox 895 1790 940 1862; x_wconf 91' lang='lat' dir='ltr'><strong>sit</strong></span> <span class='ocrx_word' id='word_1_67' title='bbox 966 1807 1025 1862; x_wconf 84' lang='lat' dir='ltr'><strong>vo-</strong></span> 
     </span>
     <span class='ocr_line' id='line_1_13' title="bbox 201 1916 1023 2000; baseline -0.004 -8"><span class='ocrx_word' id='word_1_68' title='bbox 201 1917 271 1992; x_wconf 88' lang='lat' dir='ltr'><strong>bis.</strong></span> <span class='ocrx_word' id='word_1_69' title='bbox 304 1917 505 2000; x_wconf 78' lang='grc' dir='ltr'>Ιιιιοιιιοι,</span> <span class='ocrx_word' id='word_1_70' title='bbox 533 1918 659 1992; x_wconf 76' lang='lat' dir='ltr'><strong>iratres</strong></span> <span class='ocrx_word' id='word_1_71' title='bbox 690 1916 772 1998; x_wconf 87' lang='lat' dir='ltr'><strong>moi,</strong></span> <span class='ocrx_word' id='word_1_72' title='bbox 802 1916 1023 1989; x_wconf 87' lang='lat' dir='ltr'><strong>dilectionem</strong></span> 
     </span>
    </p>
   </div>
   <div class='ocr_carea' id='block_1_7' title="bbox 202 2043 1030 2140">
    <p class='ocr_par' dir='ltr' id='par_1_8' title="bbox 202 2043 1030 2140">
     <span class='ocr_line' id='line_1_14' title="bbox 202 2043 1030 2140; baseline -0.005 -20"><span class='ocrx_word' id='word_1_73' title='bbox 202 2047 280 2137; x_wconf 86' lang='lat' dir='ltr'><strong>ejus</strong></span> <span class='ocrx_word' id='word_1_74' title='bbox 298 2047 359 2137; x_wconf 83' lang='lat' dir='ltr'><strong>qui</strong></span> <span class='ocrx_word' id='word_1_75' title='bbox 378 2047 507 2140; x_wconf 78' lang='lat' dir='ltr'><strong>erepsit</strong></span> <span class='ocrx_word' id='word_1_76' title='bbox 531 2048 624 2130; x_wconf 87' lang='lat' dir='ltr'><strong>nos·,</strong></span> <span class='ocrx_word' id='word_1_77' title='bbox 655 2046 737 2138; x_wconf 86' lang='lat' dir='ltr'><strong>quia</strong></span> <span class='ocrx_word' id='word_1_78' title='bbox 764 2043 885 2118; x_wconf 87' lang='lat' dir='ltr'><strong>dilexit</strong></span> <span class='ocrx_word' id='word_1_79' title='bbox 910 2047 976 2118; x_wconf 90' lang='lat' dir='ltr'><strong>uos</strong></span> <span class='ocrx_word' id='word_1_80' title='bbox 1004 2063 1030 2140; x_wconf 86' lang='lat' dir='ltr'><strong>a</strong></span> 
     </span>
    </p>
   </div>
   <div class='ocr_carea' id='block_1_8' title="bbox 195 2170 1023 3541">
    <p class='ocr_par' dir='ltr' id='par_1_9' title="bbox 195 2170 1023 3541">
     <span class='ocr_line' id='line_1_15' title="bbox 199 2170 1021 2266; baseline -0.002 -20"><span class='ocrx_word' id='word_1_81' title='bbox 199 2173 533 2266; x_wconf 83' lang='lat' dir='ltr'><strong>tomporeauthuo,</strong></span> <span class='ocrx_word' id='word_1_82' title='bbox 554 2177 590 2246; x_wconf 92' lang='lat' dir='ltr'><strong>et</strong></span> <span class='ocrx_word' id='word_1_83' title='bbox 607 2187 787 2262; x_wconf 86' lang='lat' dir='ltr'><strong>uunquam</strong></span> <span class='ocrx_word' id='word_1_84' title='bbox 807 2170 917 2244; x_wconf 81' lang='lat' dir='ltr'><strong>odivit</strong></span> <span class='ocrx_word' id='word_1_85' title='bbox 942 2187 1021 2254; x_wconf 89' lang='lat' dir='ltr'><strong>nos,</strong></span> 
     </span>
     <span class='ocr_line' id='line_1_16' title="bbox 202 2297 1020 2382; baseline -0.005 -8"><span class='ocrx_word' id='word_1_86' title='bbox 202 2299 269 2374; x_wconf 89' lang='lat' dir='ltr'><strong>sed</strong></span> <span class='ocrx_word' id='word_1_87' title='bbox 295 2301 445 2374; x_wconf 84' lang='lat' dir='ltr'><strong>maxime</strong></span> <span class='ocrx_word' id='word_1_88' title='bbox 463 2298 643 2373; x_wconf 89' lang='lat' dir='ltr'><strong>erudiebat</strong></span> <span class='ocrx_word' id='word_1_89' title='bbox 671 2317 746 2372; x_wconf 89' lang='lat' dir='ltr'><strong>nos.</strong></span> <span class='ocrx_word' id='word_1_90' title='bbox 775 2299 817 2372; x_wconf 86' lang='lat' dir='ltr'><strong>lit</strong></span> <span class='ocrx_word' id='word_1_91' title='bbox 834 2315 916 2372; x_wconf 85' lang='lat' dir='ltr'><strong>raro</strong></span> <span class='ocrx_word' id='word_1_92' title='bbox 933 2297 1020 2382; x_wconf 89' lang='lat' dir='ltr'><strong>scio,</strong></span> 
     </span>
     <span class='ocr_line' id='line_1_17' title="bbox 202 2416 1023 2518; baseline 0.001 -19"><span class='ocrx_word' id='word_1_93' title='bbox 202 2425 300 2518; x_wconf 81' lang='lat' dir='ltr'><strong>quod</strong></span> <span class='ocrx_word' id='word_1_94' title='bbox 317 2416 390 2500; x_wconf 88' lang='lat' dir='ltr'><strong>nou</strong></span> <span class='ocrx_word' id='word_1_95' title='bbox 409 2427 514 2500; x_wconf 78' lang='lat' dir='ltr'><strong>tincti</strong></span> <span class='ocrx_word' id='word_1_96' title='bbox 532 2426 700 2500; x_wconf 77' lang='lat' dir='ltr'><strong>fuerimus</strong></span> <span class='ocrx_word' id='word_1_97' title='bbox 719 2443 785 2500; x_wconf 89' lang='lat' dir='ltr'><strong>uos</strong></span> <span class='ocrx_word' id='word_1_98' title='bbox 800 2443 923 2498; x_wconf 86' lang='lat' dir='ltr'><strong>omues</strong></span> <span class='ocrx_word' id='word_1_99' title='bbox 938 2425 1023 2502; x_wconf 81' lang='lat' dir='ltr'><strong>duo</strong></span> 
     </span>
     <span class='ocr_line' id='line_1_18' title="bbox 202 2553 1021 2644; baseline 0 -18"><span class='ocrx_word' id='word_1_100' title='bbox 202 2554 316 2628; x_wconf 83' lang='lat' dir='ltr'><strong>deuito</strong></span> <span class='ocrx_word' id='word_1_101' title='bbox 334 2553 446 2627; x_wconf 92' lang='lat' dir='ltr'><strong>tribus</strong></span> <span class='ocrx_word' id='word_1_102' title='bbox 463 2555 500 2627; x_wconf 93' lang='lat' dir='ltr'><strong>in</strong></span> <span class='ocrx_word' id='word_1_103' title='bbox 519 2571 590 2628; x_wconf 91' lang='lat' dir='ltr'><strong>uuo</strong></span> <span class='ocrx_word' id='word_1_104' title='bbox 610 2554 760 2632; x_wconf 81' lang='lat' dir='ltr'><strong>vinculo.</strong></span> <span class='ocrx_word' id='word_1_105' title='bbox 777 2554 879 2628; x_wconf 89' lang='lat' dir='ltr'><strong>sicuti</strong></span> <span class='ocrx_word' id='word_1_106' title='bbox 897 2554 958 2644; x_wconf 87' lang='lat' dir='ltr'><strong>qui</strong></span> <span class='ocrx_word' id='word_1_107' title='bbox 977 2553 1021 2626; x_wconf 89' lang='lat' dir='ltr'><strong>ab</strong></span> 
     </span>
     <span class='ocr_line' id='line_1_19' title="bbox 195 2681 1021 2773; baseline 0.002 -21"><span class='ocrx_word' id='word_1_108' title='bbox 195 2681 275 2753; x_wconf 86' lang='lat' dir='ltr'><strong>&#39;uuo</strong></span> <span class='ocrx_word' id='word_1_109' title='bbox 292 2688 391 2772; x_wconf 88' lang='lat' dir='ltr'><strong>patra</strong></span> <span class='ocrx_word' id='word_1_110' title='bbox 418 2682 524 2773; x_wconf 86' lang='lat' dir='ltr'><strong>geniti</strong></span> <span class='ocrx_word' id='word_1_111' title='bbox 542 2701 678 2756; x_wconf 90' lang='lat' dir='ltr'><strong>sumus.</strong></span> <span class='ocrx_word' id='word_1_112' title='bbox 698 2683 884 2772; x_wconf 79' lang='lat' dir='ltr'><strong>Propterea</strong></span> <span class='ocrx_word' id='word_1_113' title='bbox 911 2681 1021 2772; x_wconf 82' lang='lat' dir='ltr'><strong>major</strong></span> 
     </span>
     <span class='ocr_line' id='line_1_20' title="bbox 201 2807 1021 2914; baseline 0.002 -34"><span class='ocrx_word' id='word_1_114' title='bbox 201 2825 284 2883; x_wconf 86' lang='lat' dir='ltr'><strong>cura</strong></span> <span class='ocrx_word' id='word_1_115' title='bbox 311 2808 388 2896; x_wconf 58' lang='lat' dir='ltr'><strong>tuit,</strong></span> <span class='ocrx_word' id='word_1_116' title='bbox 402 2808 499 2892; x_wconf 89' lang='lat' dir='ltr'><strong>mibi,</strong></span> <span class='ocrx_word' id='word_1_117' title='bbox 519 2815 558 2882; x_wconf 87' lang='lat' dir='ltr'><strong>ut</strong></span> <span class='ocrx_word' id='word_1_118' title='bbox 584 2809 778 2914; x_wconf 83' lang='lat' dir='ltr'><strong>relinquam</strong></span> <span class='ocrx_word' id='word_1_119' title='bbox 796 2807 896 2884; x_wconf 81' lang='lat' dir='ltr'><strong>vobis</strong></span> <span class='ocrx_word' id='word_1_120' title='bbox 914 2808 1021 2882; x_wconf 83' lang='lat' dir='ltr'><strong>verba</strong></span> 
     </span>
     <span class='ocr_line' id='line_1_21' title="bbox 202 2933 1020 3027; baseline 0.004 -20"><span class='ocrx_word' id='word_1_121' title='bbox 202 2933 307 3026; x_wconf 89' lang='lat' dir='ltr'><strong>hujus</strong></span> <span class='ocrx_word' id='word_1_122' title='bbox 324 2936 491 3026; x_wconf 88' lang='lat' dir='ltr'><strong>epistolae</strong></span> <span class='ocrx_word' id='word_1_123' title='bbox 509 2942 694 3027; x_wconf 81' lang='lat' dir='ltr'><strong>antequam</strong></span> <span class='ocrx_word' id='word_1_124' title='bbox 718 2935 858 3019; x_wconf 92' lang='lat' dir='ltr'><strong>moriar,</strong></span> <span class='ocrx_word' id='word_1_125' title='bbox 878 2943 917 3010; x_wconf 94' lang='lat' dir='ltr'><strong>ut</strong></span> <span class='ocrx_word' id='word_1_126' title='bbox 943 2936 1020 3010; x_wconf 91' lang='lat' dir='ltr'><strong>sitis</strong></span> 
     </span>
     <span class='ocr_line' id='line_1_22' title="bbox 202 3062 1020 3154; baseline 0.004 -18"><span class='ocrx_word' id='word_1_127' title='bbox 202 3062 371 3136; x_wconf 88' lang='lat' dir='ltr'><strong>consolati</strong></span> <span class='ocrx_word' id='word_1_128' title='bbox 398 3079 505 3152; x_wconf 86' lang='lat' dir='ltr'><strong>sopor</strong></span> <span class='ocrx_word' id='word_1_129' title='bbox 538 3063 787 3136; x_wconf 77' lang='lat' dir='ltr'><strong>calamitatibus</strong></span> <span class='ocrx_word' id='word_1_130' title='bbox 816 3081 905 3154; x_wconf 86' lang='lat' dir='ltr'><strong>quae</strong></span> <span class='ocrx_word' id='word_1_131' title='bbox 935 3082 1020 3138; x_wconf 88' lang='lat' dir='ltr'><strong>coo·</strong></span> 
     </span>
     <span class='ocr_line' id='line_1_23' title="bbox 201 3189 1021 3282; baseline 0.005 -20"><span class='ocrx_word' id='word_1_132' title='bbox 201 3189 355 3280; x_wconf 77' lang='lat' dir='ltr'><strong>rigarunt</strong></span> <span class='ocrx_word' id='word_1_133' title='bbox 379 3189 505 3272; x_wconf 87' lang='lat' dir='ltr'><strong>robis,</strong></span> <span class='ocrx_word' id='word_1_134' title='bbox 534 3195 569 3262; x_wconf 90' lang='lat' dir='ltr'><strong>ot</strong></span> <span class='ocrx_word' id='word_1_135' title='bbox 595 3191 848 3266; x_wconf 88' lang='lat' dir='ltr'><strong>contristamini</strong></span> <span class='ocrx_word' id='word_1_136' title='bbox 880 3209 1021 3282; x_wconf 82' lang='lat' dir='ltr'><strong>quoque</strong></span> 
     </span>
     <span class='ocr_line' id='line_1_24' title="bbox 203 3315 1022 3410; baseline 0.002 -20"><span class='ocrx_word' id='word_1_137' title='bbox 203 3317 247 3392; x_wconf 90' lang='lat' dir='ltr'><strong>do</strong></span> <span class='ocrx_word' id='word_1_138' title='bbox 266 3315 514 3391; x_wconf 84' lang='lat' dir='ltr'><strong>calamitatibus</strong></span> <span class='ocrx_word' id='word_1_139' title='bbox 534 3335 624 3410; x_wconf 84' lang='lat' dir='ltr'><strong>quae</strong></span> <span class='ocrx_word' id='word_1_140' title='bbox 640 3319 843 3392; x_wconf 89' lang='lat' dir='ltr'><strong>acciderunt</strong></span> <span class='ocrx_word' id='word_1_141' title='bbox 858 3319 1022 3392; x_wconf 84' lang='lat' dir='ltr'><strong>tratribus</strong></span> 
     </span>
     <span class='ocr_line' id='line_1_25' title="bbox 202 3443 1022 3541; baseline 0.002 -23"><span class='ocrx_word' id='word_1_142' title='bbox 202 3447 340 3530; x_wconf 76' lang='grc' dir='ltr'>ιιιιιιις</span> <span class='ocrx_word' id='word_1_143' title='bbox 367 3445 492 3518; x_wconf 90' lang='lat' dir='ltr'><strong>iterum</strong></span> <span class='ocrx_word' id='word_1_144' title='bbox 520 3451 647 3529; x_wconf 86' lang='lat' dir='ltr'><strong>auteur,</strong></span> <span class='ocrx_word' id='word_1_145' title='bbox 667 3452 706 3518; x_wconf 91' lang='lat' dir='ltr'><strong>ut</strong></span> <span class='ocrx_word' id='word_1_146' title='bbox 720 3445 917 3536; x_wconf 85' lang='lat' dir='ltr'><strong>justificetis</strong></span> <span class='ocrx_word' id='word_1_147' title='bbox 931 3443 1022 3541; x_wconf 85' lang='lat' dir='ltr'><strong>judi·</strong></span> 
     </span>
    </p>
   </div>
   <div class='ocr_carea' id='block_1_9' title="bbox 11 3543 1022 3665">
    <p class='ocr_par' dir='ltr' id='par_1_10' title="bbox 11 3543 1022 3665">
     <span class='ocr_line' id='line_1_26' title="bbox 11 3543 1022 3665; baseline 0.001 -19"><span class='ocrx_word' id='word_1_148' title='bbox 11 3543 21 3556; x_wconf 11' lang='grc' dir='ltr'><strong>’Ν</strong></span> <span class='ocrx_word' id='word_1_149' title='bbox 112 3561 118 3572; x_wconf 86' lang='grc'><strong>’</strong></span> <span class='ocrx_word' id='word_1_150' title='bbox 202 3572 295 3646; x_wconf 88' lang='lat' dir='ltr'><strong>oium</strong></span> <span class='ocrx_word' id='word_1_151' title='bbox 314 3569 402 3662; x_wconf 83' lang='lat' dir='ltr'><strong>ejus,</strong></span> <span class='ocrx_word' id='word_1_152' title='bbox 419 3573 480 3664; x_wconf 87' lang='lat' dir='ltr'><strong>qui</strong></span> <span class='ocrx_word' id='word_1_153' title='bbox 498 3571 649 3646; x_wconf 87' lang='lat' dir='ltr'><strong>docrevit</strong></span> <span class='ocrx_word' id='word_1_154' title='bbox 670 3579 790 3648; x_wconf 80' lang='lat' dir='ltr'><strong>contm</strong></span> <span class='ocrx_word' id='word_1_155' title='bbox 807 3591 870 3646; x_wconf 86' lang='lat' dir='ltr'><strong>vos</strong></span> <span class='ocrx_word' id='word_1_156' title='bbox 889 3581 927 3647; x_wconf 92' lang='lat' dir='ltr'><strong>ut</strong></span> <span class='ocrx_word' id='word_1_157' title='bbox 944 3591 1022 3665; x_wconf 88' lang='lat' dir='ltr'><strong>cap</strong></span> 
     </span>
    </p>
   </div>
   <div class='ocr_carea' id='block_1_10' title="bbox 201 3697 1022 4048">
    <p class='ocr_par' dir='ltr' id='par_1_11' title="bbox 201 3697 1022 4048">
     <span class='ocr_line' id='line_1_27' title="bbox 202 3697 1022 3813; baseline 0.002 -41"><span class='ocrx_word' id='word_1_158' title='bbox 202 3697 559 3774; x_wconf 74' lang='lat' dir='ltr'><strong>tiriabouoeremini.</strong></span> <span class='ocrx_word' id='word_1_159' title='bbox 586 3699 700 3813; x_wconf 72' lang='lat' dir='ltr'><strong>ilium</strong></span> <span class='ocrx_word' id='word_1_160' title='bbox 726 3706 782 3774; x_wconf 96' lang='grc' dir='ltr'><strong>ιιι</strong></span> <span class='ocrx_word' id='word_1_161' title='bbox 807 3699 901 3774; x_wconf 88' lang='lat' dir='ltr'><strong>euim</strong></span> <span class='ocrx_word' id='word_1_162' title='bbox 925 3699 1022 3792; x_wconf 83' lang='lat' dir='ltr'><strong>quod</strong></span> 
     </span>
     <span class='ocr_line' id='line_1_28' title="bbox 201 3825 1021 3918; baseline 0.001 -19"><span class='ocrx_word' id='word_1_163' title='bbox 201 3825 297 3916; x_wconf 88' lang='lat' dir='ltr'><strong>passi</strong></span> <span class='ocrx_word' id='word_1_164' title='bbox 324 3825 410 3898; x_wconf 89' lang='lat' dir='ltr'><strong>estis</strong></span> <span class='ocrx_word' id='word_1_165' title='bbox 435 3841 519 3916; x_wconf 88' lang='lat' dir='ltr'><strong>prae</strong></span> <span class='ocrx_word' id='word_1_166' title='bbox 546 3844 588 3900; x_wconf 89' lang='lat' dir='ltr'><strong>eo</strong></span> <span class='ocrx_word' id='word_1_167' title='bbox 616 3826 712 3918; x_wconf 89' lang='lat' dir='ltr'><strong>quod</strong></span> <span class='ocrx_word' id='word_1_168' title='bbox 738 3826 889 3912; x_wconf 87' lang='lat' dir='ltr'><strong>lecistis,</strong></span> <span class='ocrx_word' id='word_1_169' title='bbox 919 3833 957 3900; x_wconf 91' lang='lat' dir='ltr'><strong>ut</strong></span> <span class='ocrx_word' id='word_1_170' title='bbox 984 3827 1021 3900; x_wconf 93' lang='lat' dir='ltr'><strong>iu</strong></span> 
     </span>
     <span class='ocr_line' id='line_1_29' title="bbox 203 3954 1021 4048; baseline 0.002 -20"><span class='ocrx_word' id='word_1_171' title='bbox 203 3954 417 4046; x_wconf 79' lang='lat' dir='ltr'><strong>temporibus</strong></span> <span class='ocrx_word' id='word_1_172' title='bbox 444 3957 646 4030; x_wconf 83' lang='lat' dir='ltr'><strong>novissimis</strong></span> <span class='ocrx_word' id='word_1_173' title='bbox 672 3957 897 4030; x_wconf 84' lang='lat' dir='ltr'><strong>inveniamini</strong></span> <span class='ocrx_word' id='word_1_174' title='bbox 925 3955 1021 4048; x_wconf 89' lang='lat' dir='ltr'><strong>digni</strong></span> 
     </span>
    </p>
   </div>
   <div class='ocr_carea' id='block_1_11' title="bbox 68 4080 1020 4190">
    <p class='ocr_par' dir='ltr' id='par_1_12' title="bbox 68 4080 1020 4190">
     <span class='ocr_line' id='line_1_30' title="bbox 68 4080 1020 4190; baseline 0.005 -37"><span class='ocrx_word' id='word_1_175' title='bbox 68 4179 77 4190; x_wconf 18' lang='grc' dir='ltr'>ὓ</span> <span class='ocrx_word' id='word_1_176' title='bbox 201 4080 357 4172; x_wconf 87' lang='lat' dir='ltr'><strong>patribus</strong></span> <span class='ocrx_word' id='word_1_177' title='bbox 383 4083 518 4156; x_wconf 84' lang='lat' dir='ltr'><strong>vestris.</strong></span> <span class='ocrx_word' id='word_1_178' title='bbox 548 4083 733 4174; x_wconf 81' lang='lat' dir='ltr'><strong>Propterea</strong></span> <span class='ocrx_word' id='word_1_179' title='bbox 751 4085 782 4158; x_wconf 94' lang='lat' dir='ltr'><strong>si</strong></span> <span class='ocrx_word' id='word_1_180' title='bbox 809 4084 1020 4175; x_wconf 86' lang='lat' dir='ltr'><strong>recogitave-</strong></span> 
     </span>
    </p>
   </div>
   <div class='ocr_carea' id='block_1_12' title="bbox 160 4208 1022 5068">
    <p class='ocr_par' dir='ltr' id='par_1_13' title="bbox 160 4208 1022 5068">
     <span class='ocr_line' id='line_1_31' title="bbox 202 4208 1020 4304; baseline 0.004 -23"><span class='ocrx_word' id='word_1_181' title='bbox 202 4208 276 4284; x_wconf 89' lang='lat' dir='ltr'><strong>ritis</strong></span> <span class='ocrx_word' id='word_1_182' title='bbox 293 4209 360 4282; x_wconf 90' lang='lat' dir='ltr'><strong>ista</strong></span> <span class='ocrx_word' id='word_1_183' title='bbox 377 4227 468 4301; x_wconf 79' lang='lat' dir='ltr'><strong>(puae</strong></span> <span class='ocrx_word' id='word_1_184' title='bbox 485 4209 531 4283; x_wconf 88' lang='lat' dir='ltr'><strong>ad</strong></span> <span class='ocrx_word' id='word_1_185' title='bbox 555 4209 646 4284; x_wconf 92' lang='lat' dir='ltr'><strong>bona</strong></span> <span class='ocrx_word' id='word_1_186' title='bbox 672 4217 787 4286; x_wconf 84' lang='lat' dir='ltr'><strong>vestra</strong></span> <span class='ocrx_word' id='word_1_187' title='bbox 808 4213 908 4304; x_wconf 81' lang='lat' dir='ltr'><strong>,passi</strong></span> <span class='ocrx_word' id='word_1_188' title='bbox 935 4211 1020 4286; x_wconf 88' lang='lat' dir='ltr'><strong>estis</strong></span> 
     </span>
     <span class='ocr_line' id='line_1_32' title="bbox 201 4337 1021 4430; baseline 0.004 -21"><span class='ocrx_word' id='word_1_189' title='bbox 201 4354 307 4420; x_wconf 89' lang='lat' dir='ltr'><strong>nuuc,</strong></span> <span class='ocrx_word' id='word_1_190' title='bbox 326 4355 373 4410; x_wconf 90' lang='lat' dir='ltr'><strong>ne</strong></span> <span class='ocrx_word' id='word_1_191' title='bbox 390 4337 427 4412; x_wconf 90' lang='lat' dir='ltr'><strong>io</strong></span> <span class='ocrx_word' id='word_1_192' title='bbox 446 4343 601 4412; x_wconf 85' lang='lat' dir='ltr'><strong>extremo</strong></span> <span class='ocrx_word' id='word_1_193' title='bbox 615 4337 821 4430; x_wconf 83' lang='lat' dir='ltr'><strong>judicemini</strong></span> <span class='ocrx_word' id='word_1_194' title='bbox 839 4343 874 4411; x_wconf 90' lang='lat' dir='ltr'><strong>et</strong></span> <span class='ocrx_word' id='word_1_195' title='bbox 891 4339 1021 4412; x_wconf 89' lang='lat' dir='ltr'><strong>crucio·</strong></span> 
     </span>
     <span class='ocr_line' id='line_1_33' title="bbox 203 4464 1020 4558; baseline 0.004 -23"><span class='ocrx_word' id='word_1_196' title='bbox 203 4464 299 4545; x_wconf 89' lang='lat' dir='ltr'><strong>mini,</strong></span> <span class='ocrx_word' id='word_1_197' title='bbox 326 4469 411 4538; x_wconf 90' lang='lat' dir='ltr'><strong>tuuc</strong></span> <span class='ocrx_word' id='word_1_198' title='bbox 437 4465 613 4558; x_wconf 88' lang='lat' dir='ltr'><strong>recipiatis</strong></span> <span class='ocrx_word' id='word_1_199' title='bbox 640 4484 741 4558; x_wconf 91' lang='lat' dir='ltr'><strong>spem</strong></span> <span class='ocrx_word' id='word_1_200' title='bbox 772 4473 960 4549; x_wconf 81' lang='lat' dir='ltr'><strong>artemam.</strong></span> <span class='ocrx_word' id='word_1_201' title='bbox 989 4465 1020 4540; x_wconf 90' lang='lat' dir='ltr'><strong>si</strong></span> 
     </span>
     <span class='ocr_line' id='line_1_34' title="bbox 202 4591 1019 4668; baseline 0 -2"><span class='ocrx_word' id='word_1_202' title='bbox 202 4593 353 4666; x_wconf 82' lang='lat' dir='ltr'><strong>maxime</strong></span> <span class='ocrx_word' id='word_1_203' title='bbox 380 4591 587 4667; x_wconf 87' lang='lat' dir='ltr'><strong>abstuleritis</strong></span> <span class='ocrx_word' id='word_1_204' title='bbox 615 4612 635 4666; x_wconf 88' lang='lat' dir='ltr'><strong>a</strong></span> <span class='ocrx_word' id='word_1_205' title='bbox 659 4593 764 4668; x_wconf 81' lang='lat' dir='ltr'><strong>sorde</strong></span> <span class='ocrx_word' id='word_1_206' title='bbox 783 4599 895 4666; x_wconf 86' lang='lat' dir='ltr'><strong>vestro</strong></span> <span class='ocrx_word' id='word_1_207' title='bbox 924 4609 1019 4666; x_wconf 91' lang='lat' dir='ltr'><strong>erro·</strong></span> 
     </span>
     <span class='ocr_line' id='line_1_35' title="bbox 202 4717 1022 4813; baseline 0 -21"><span class='ocrx_word' id='word_1_208' title='bbox 202 4733 277 4794; x_wconf 89' lang='lat' dir='ltr'><strong>rom</strong></span> <span class='ocrx_word' id='word_1_209' title='bbox 295 4737 436 4808; x_wconf 82' lang='lat' dir='ltr'><strong>vanum,</strong></span> <span class='ocrx_word' id='word_1_210' title='bbox 451 4725 711 4813; x_wconf 87' lang='lat' dir='ltr'><strong>propterquam</strong></span> <span class='ocrx_word' id='word_1_211' title='bbox 725 4719 859 4795; x_wconf 90' lang='lat' dir='ltr'><strong>abiistis</strong></span> <span class='ocrx_word' id='word_1_212' title='bbox 873 4717 1022 4798; x_wconf 74' lang='lat' dir='ltr'><strong>blansi</strong></span> 
     </span>
     <span class='ocr_line' id='line_1_36' title="bbox 160 4847 1019 4940; baseline 0.002 -18"><span class='ocrx_word' id='word_1_213' title='bbox 160 4917 166 4930; x_wconf 85' lang='grc'><strong><em>,</em></strong></span> <span class='ocrx_word' id='word_1_214' title='bbox 201 4848 297 4922; x_wconf 87' lang='lat' dir='ltr'><strong>euim</strong></span> <span class='ocrx_word' id='word_1_215' title='bbox 323 4847 475 4936; x_wconf 72' lang='lat' dir='ltr'><strong>iacentis</strong></span> <span class='ocrx_word' id='word_1_216' title='bbox 502 4850 580 4932; x_wconf 86' lang='lat' dir='ltr'><strong>ista,</strong></span> <span class='ocrx_word' id='word_1_217' title='bbox 601 4849 729 4940; x_wconf 90' lang='lat' dir='ltr'><strong>pariter</strong></span> <span class='ocrx_word' id='word_1_218' title='bbox 748 4854 947 4924; x_wconf 81' lang='lat' dir='ltr'><strong>mostanter</strong></span> <span class='ocrx_word' id='word_1_219' title='bbox 963 4865 1019 4933; x_wconf 73' lang='lat' dir='ltr'><strong>ro,-</strong></span> 
     </span>
     <span class='ocr_line' id='line_1_37' title="bbox 201 4975 1019 5068; baseline 0.001 -19"><span class='ocrx_word' id='word_1_220' title='bbox 201 4975 403 5050; x_wconf 89' lang='lat' dir='ltr'><strong>cordabitor</strong></span> <span class='ocrx_word' id='word_1_221' title='bbox 420 4975 525 5050; x_wconf 86' lang='lat' dir='ltr'><strong>rostri</strong></span> <span class='ocrx_word' id='word_1_222' title='bbox 544 4975 576 5050; x_wconf 90' lang='lat' dir='ltr'><strong>is</strong></span> <span class='ocrx_word' id='word_1_223' title='bbox 595 4977 656 5068; x_wconf 88' lang='lat' dir='ltr'><strong>qul</strong></span> <span class='ocrx_word' id='word_1_224' title='bbox 683 4977 720 5050; x_wconf 95' lang='lat' dir='ltr'><strong>ln</strong></span> <span class='ocrx_word' id='word_1_225' title='bbox 739 4975 837 5049; x_wconf 92' lang='lat' dir='ltr'><strong>omni</strong></span> <span class='ocrx_word' id='word_1_226' title='bbox 863 4981 1019 5066; x_wconf 90' lang='lat' dir='ltr'><strong>tempore</strong></span> 
     </span>
    </p>
   </div>
   <div class='ocr_carea' id='block_1_13' title="bbox 199 5101 1035 5216">
    <p class='ocr_par' dir='ltr' id='par_1_14' title="bbox 199 5101 1035 5216">
     <span class='ocr_line' id='line_1_38' title="bbox 199 5101 1035 5216; baseline -0.002 -38"><span class='ocrx_word' id='word_1_227' title='bbox 199 5101 375 5216; x_wconf 85' lang='lat' dir='ltr'><strong>pollicitos</strong></span> <span class='ocrx_word' id='word_1_228' title='bbox 402 5109 458 5177; x_wconf 90' lang='lat' dir='ltr'><strong>est</strong></span> <span class='ocrx_word' id='word_1_229' title='bbox 482 5121 548 5196; x_wconf 91' lang='lat' dir='ltr'><strong>pro</strong></span> <span class='ocrx_word' id='word_1_230' title='bbox 574 5104 678 5178; x_wconf 90' lang='lat' dir='ltr'><strong>nobis</strong></span> <span class='ocrx_word' id='word_1_231' title='bbox 706 5105 785 5187; x_wconf 90' lang='lat' dir='ltr'><strong>illis,</strong></span> <span class='ocrx_word' id='word_1_232' title='bbox 815 5103 876 5196; x_wconf 82' lang='lat' dir='ltr'><strong>qui</strong></span> <span class='ocrx_word' id='word_1_233' title='bbox 902 5103 1035 5190; x_wconf 37' lang='lat' dir='ltr'><strong>excolu</strong></span> 
     </span>
    </p>
   </div>
   <div class='ocr_carea' id='block_1_14' title="bbox 199 5229 1020 5814">
    <p class='ocr_par' dir='ltr' id='par_1_15' title="bbox 199 5229 1020 5334">
     <span class='ocr_line' id='line_1_39' title="bbox 199 5229 1020 5334; baseline 0 -30"><span class='ocrx_word' id='word_1_234' title='bbox 199 5229 368 5305; x_wconf 88' lang='lat' dir='ltr'><strong>laetiores</strong></span> <span class='ocrx_word' id='word_1_235' title='bbox 396 5236 496 5306; x_wconf 86' lang='lat' dir='ltr'><strong>eram</strong></span> <span class='ocrx_word' id='word_1_236' title='bbox 521 5247 605 5326; x_wconf 89' lang='lat' dir='ltr'><strong>praa</strong></span> <span class='ocrx_word' id='word_1_237' title='bbox 622 5229 748 5334; x_wconf 84' lang='lat' dir='ltr'><strong>uobis,</strong></span> <span class='ocrx_word' id='word_1_238' title='bbox 768 5229 866 5322; x_wconf 84' lang='lat' dir='ltr'><strong>quod</strong></span> <span class='ocrx_word' id='word_1_239' title='bbox 891 5247 964 5304; x_wconf 93' lang='lat' dir='ltr'><strong>nou</strong></span> <span class='ocrx_word' id='word_1_240' title='bbox 981 5230 1020 5304; x_wconf 95' lang='lat' dir='ltr'><strong>lu</strong></span> 
     </span>
    </p>

    <p class='ocr_par' dir='ltr' id='par_1_16' title="bbox 199 5356 1018 5450">
     <span class='ocr_line' id='line_1_40' title="bbox 199 5356 1018 5450; baseline 0.004 -21"><span class='ocrx_word' id='word_1_241' title='bbox 199 5363 408 5447; x_wconf 86' lang='lat' dir='ltr'><strong>perpetuom</strong></span> <span class='ocrx_word' id='word_1_242' title='bbox 428 5356 702 5442; x_wconf 80' lang='lat' dir='ltr'><strong>oblivisceretur,</strong></span> <span class='ocrx_word' id='word_1_243' title='bbox 722 5363 782 5431; x_wconf 88' lang='lat' dir='ltr'><strong>aut</strong></span> <span class='ocrx_word' id='word_1_244' title='bbox 798 5358 1018 5450; x_wconf 85' lang='lat' dir='ltr'><strong>derelinque·</strong></span> 
     </span>
    </p>

    <p class='ocr_par' dir='ltr' id='par_1_17' title="bbox 200 5482 1020 5568">
     <span class='ocr_line' id='line_1_41' title="bbox 200 5482 1020 5568; baseline 0 -12"><span class='ocrx_word' id='word_1_245' title='bbox 200 5489 254 5556; x_wconf 90' lang='lat' dir='ltr'><strong>ret</strong></span> <span class='ocrx_word' id='word_1_246' title='bbox 274 5499 398 5558; x_wconf 88' lang='lat' dir='ltr'><strong>semen</strong></span> <span class='ocrx_word' id='word_1_247' title='bbox 424 5490 595 5568; x_wconf 88' lang='lat' dir='ltr'><strong>nostrum,</strong></span> <span class='ocrx_word' id='word_1_248' title='bbox 623 5482 752 5558; x_wconf 89' lang='lat' dir='ltr'><strong>sedin</strong></span> <span class='ocrx_word' id='word_1_249' title='bbox 779 5483 1020 5559; x_wconf 87' lang='lat' dir='ltr'><strong>misericordia</strong></span> 
     </span>
    </p>

    <p class='ocr_par' dir='ltr' id='par_1_18' title="bbox 200 5607 1020 5814">
     <span class='ocr_line' id='line_1_42' title="bbox 200 5607 1020 5704; baseline 0.009 -24"><span class='ocrx_word' id='word_1_250' title='bbox 200 5607 308 5684; x_wconf 91' lang='lat' dir='ltr'><strong>multa</strong></span> <span class='ocrx_word' id='word_1_251' title='bbox 325 5618 551 5704; x_wconf 87' lang='lat' dir='ltr'><strong>congregarat</strong></span> <span class='ocrx_word' id='word_1_252' title='bbox 574 5613 701 5690; x_wconf 91' lang='lat' dir='ltr'><strong>lterum</strong></span> <span class='ocrx_word' id='word_1_253' title='bbox 720 5627 843 5688; x_wconf 89' lang='lat' dir='ltr'><strong>omnes</strong></span> <span class='ocrx_word' id='word_1_254' title='bbox 871 5612 932 5703; x_wconf 82' lang='lat' dir='ltr'><strong>um</strong></span> <span class='ocrx_word' id='word_1_255' title='bbox 950 5611 1020 5688; x_wconf 87' lang='lat' dir='ltr'><strong>dis·</strong></span> 
     </span>
     <span class='ocr_line' id='line_1_43' title="bbox 256 5735 462 5814; baseline 0.015 -4"><span class='ocrx_word' id='word_1_256' title='bbox 256 5736 295 5810; x_wconf 68' lang='lat' dir='ltr'><strong>&#39;si</strong></span> <span class='ocrx_word' id='word_1_257' title='bbox 312 5735 462 5814; x_wconf 86' lang='lat' dir='ltr'><strong>tuamor.</strong></span> 
     </span>
    </p>
   </div>
   <div class='ocr_carea' id='block_1_15' title="bbox 1118 382 1941 1369">
    <p class='ocr_par' dir='ltr' id='par_1_19' title="bbox 1118 382 1941 1369">
     <span class='ocr_line' id='line_1_44' title="bbox 1177 382 1940 470; baseline 0.004 -11"><span class='ocrx_word' id='word_1_258' title='bbox 1177 383 1240 460; x_wconf 80' lang='grc'><strong>79.</strong></span> <span class='ocrx_word' id='word_1_259' title='bbox 1266 385 1365 458; x_wconf 84' lang='grc' dir='ltr'>Νιιι</span> <span class='ocrx_word' id='word_1_260' title='bbox 1391 401 1485 468; x_wconf 81' lang='lat' dir='ltr'><strong>raro,</strong></span> <span class='ocrx_word' id='word_1_261' title='bbox 1514 382 1636 458; x_wconf 90' lang='lat' dir='ltr'><strong>iratres</strong></span> <span class='ocrx_word' id='word_1_262' title='bbox 1662 384 1744 470; x_wconf 88' lang='lat' dir='ltr'><strong>mei,</strong></span> <span class='ocrx_word' id='word_1_263' title='bbox 1771 385 1940 464; x_wconf 83' lang='lat' dir='ltr'><strong>ausaritis</strong></span> 
     </span>
     <span class='ocr_line' id='line_1_45' title="bbox 1121 511 1941 604; baseline 0.009 -20"><span class='ocrx_word' id='word_1_264' title='bbox 1121 511 1941 604; x_wconf 80' lang='lat' dir='ltr'><strong>priusquidcontigitSiooniaaseenditcou·</strong></span> 
     </span>
     <span class='ocr_line' id='line_1_46' title="bbox 1121 639 1936 734; baseline 0.005 -22"><span class='ocrx_word' id='word_1_265' title='bbox 1121 647 1172 712; x_wconf 91' lang='lat' dir='ltr'><strong>tra</strong></span> <span class='ocrx_word' id='word_1_266' title='bbox 1199 658 1265 713; x_wconf 91' lang='lat' dir='ltr'><strong>nos</strong></span> <span class='ocrx_word' id='word_1_267' title='bbox 1290 639 1612 714; x_wconf 85' lang='lat' dir='ltr'><strong>Nabuchodonosor</strong></span> <span class='ocrx_word' id='word_1_268' title='bbox 1637 659 1701 716; x_wconf 81' lang='lat' dir='ltr'><strong>rou</strong></span> <span class='ocrx_word' id='word_1_269' title='bbox 1727 641 1936 734; x_wconf 83' lang='lat' dir='ltr'><strong>Babylonis;</strong></span> 
     </span>
     <span class='ocr_line' id='line_1_47' title="bbox 1120 753 1938 860; baseline 0.009 -20"><span class='ocrx_word' id='word_1_270' title='bbox 1120 767 1341 858; x_wconf 85' lang='lat' dir='ltr'><strong>peccavimus</strong></span> <span class='ocrx_word' id='word_1_271' title='bbox 1368 767 1463 840; x_wconf 91' lang='lat' dir='ltr'><strong>enim</strong></span> <span class='ocrx_word' id='word_1_272' title='bbox 1489 753 1522 842; x_wconf 77' lang='lat' dir='ltr'><strong>al</strong></span> <span class='ocrx_word' id='word_1_273' title='bbox 1541 767 1602 858; x_wconf 79' lang='lat' dir='ltr'><strong>qui</strong></span> <span class='ocrx_word' id='word_1_274' title='bbox 1624 766 1706 842; x_wconf 89' lang='lat' dir='ltr'><strong>tecit</strong></span> <span class='ocrx_word' id='word_1_275' title='bbox 1722 787 1801 854; x_wconf 90' lang='lat' dir='ltr'><strong>nos,</strong></span> <span class='ocrx_word' id='word_1_276' title='bbox 1822 787 1938 860; x_wconf 84' lang='lat' dir='ltr'><strong>neque</strong></span> 
     </span>
     <span class='ocr_line' id='line_1_48' title="bbox 1118 895 1941 989; baseline 0.006 -21"><span class='ocrx_word' id='word_1_277' title='bbox 1118 895 1334 970; x_wconf 78' lang='lat' dir='ltr'><strong>servavimus</strong></span> <span class='ocrx_word' id='word_1_278' title='bbox 1361 901 1545 986; x_wconf 89' lang='lat' dir='ltr'><strong>praecepta</strong></span> <span class='ocrx_word' id='word_1_279' title='bbox 1572 913 1662 987; x_wconf 86' lang='lat' dir='ltr'><strong>puae</strong></span> <span class='ocrx_word' id='word_1_280' title='bbox 1680 897 1941 989; x_wconf 83' lang='lat' dir='ltr'><strong>praecepituo·</strong></span> 
     </span>
     <span class='ocr_line' id='line_1_49' title="bbox 1119 1021 1938 1118; baseline 0.001 -20"><span class='ocrx_word' id='word_1_281' title='bbox 1119 1021 1195 1110; x_wconf 90' lang='lat' dir='ltr'><strong>bis;</strong></span> <span class='ocrx_word' id='word_1_282' title='bbox 1225 1023 1290 1096; x_wconf 91' lang='lat' dir='ltr'><strong>sed</strong></span> <span class='ocrx_word' id='word_1_283' title='bbox 1309 1041 1424 1114; x_wconf 84' lang='lat' dir='ltr'><strong>neque</strong></span> <span class='ocrx_word' id='word_1_284' title='bbox 1442 1023 1621 1114; x_wconf 79' lang='lat' dir='ltr'><strong>castigavit</strong></span> <span class='ocrx_word' id='word_1_285' title='bbox 1637 1043 1704 1098; x_wconf 92' lang='lat' dir='ltr'><strong>uos</strong></span> <span class='ocrx_word' id='word_1_286' title='bbox 1731 1026 1822 1099; x_wconf 91' lang='lat' dir='ltr'><strong>sicut</strong></span> <span class='ocrx_word' id='word_1_287' title='bbox 1839 1026 1938 1118; x_wconf 85' lang='lat' dir='ltr'><strong>digni</strong></span> 
     </span>
     <span class='ocr_line' id='line_1_50' title="bbox 1119 1151 1936 1243; baseline 0.004 -19"><span class='ocrx_word' id='word_1_288' title='bbox 1119 1168 1271 1224; x_wconf 88' lang='lat' dir='ltr'><strong>eramus.</strong></span> <span class='ocrx_word' id='word_1_289' title='bbox 1300 1151 1396 1236; x_wconf 83' lang='lat' dir='ltr'><strong>Quas</strong></span> <span class='ocrx_word' id='word_1_290' title='bbox 1432 1151 1526 1224; x_wconf 89' lang='lat' dir='ltr'><strong>enlm</strong></span> <span class='ocrx_word' id='word_1_291' title='bbox 1563 1152 1785 1243; x_wconf 85' lang='lat' dir='ltr'><strong>coubgarunt</strong></span> <span class='ocrx_word' id='word_1_292' title='bbox 1810 1151 1936 1236; x_wconf 86' lang='lat' dir='ltr'><strong>robis,</strong></span> 
     </span>
     <span class='ocr_line' id='line_1_51' title="bbox 1120 1277 1938 1369; baseline 0.005 -19"><span class='ocrx_word' id='word_1_293' title='bbox 1120 1283 1158 1350; x_wconf 94' lang='lat' dir='ltr'><strong>ut</strong></span> <span class='ocrx_word' id='word_1_294' title='bbox 1184 1278 1295 1368; x_wconf 89' lang='lat' dir='ltr'><strong>magis</strong></span> <span class='ocrx_word' id='word_1_295' title='bbox 1331 1279 1457 1350; x_wconf 88' lang='lat' dir='ltr'><strong>iterum</strong></span> <span class='ocrx_word' id='word_1_296' title='bbox 1483 1277 1677 1369; x_wconf 87' lang='lat' dir='ltr'><strong>patiamur,</strong></span> <span class='ocrx_word' id='word_1_297' title='bbox 1706 1280 1808 1352; x_wconf 90' lang='lat' dir='ltr'><strong>etiam</strong></span> <span class='ocrx_word' id='word_1_298' title='bbox 1836 1281 1938 1354; x_wconf 90' lang='lat' dir='ltr'><strong>nobis</strong></span> 
     </span>
    </p>
   </div>
   <div class='ocr_carea' id='block_1_16' title="bbox 1084 1406 1500 1500">
    <p class='ocr_par' dir='ltr' id='par_1_20' title="bbox 1084 1406 1500 1500">
     <span class='ocr_line' id='line_1_52' title="bbox 1084 1406 1500 1500; baseline -0.005 -20"><span class='ocrx_word' id='word_1_299' title='bbox 1084 1491 1088 1500; x_wconf 49' lang='grc'><em>,</em></span> <span class='ocrx_word' id='word_1_300' title='bbox 1118 1407 1213 1480; x_wconf 86' lang='lat' dir='ltr'><strong>enirn</strong></span> <span class='ocrx_word' id='word_1_301' title='bbox 1241 1406 1500 1497; x_wconf 79' lang='lat' dir='ltr'><strong>coubgaruut&#39;.</strong></span> 
     </span>
    </p>
   </div>
   <div class='ocr_carea' id='block_1_17' title="bbox 1114 1531 1981 3144">
    <p class='ocr_par' dir='ltr' id='par_1_21' title="bbox 1114 1531 1981 3144">
     <span class='ocr_line' id='line_1_53' title="bbox 1173 1531 1938 1615; baseline 0.003 -11"><span class='ocrx_word' id='word_1_302' title='bbox 1173 1533 1235 1605; x_wconf 88' lang='lat'><strong>80.</strong></span> <span class='ocrx_word' id='word_1_303' title='bbox 1263 1533 1307 1606; x_wconf 84' lang='lat' dir='ltr'><strong>st</strong></span> <span class='ocrx_word' id='word_1_304' title='bbox 1323 1551 1430 1615; x_wconf 89' lang='lat' dir='ltr'><strong>nunc,</strong></span> <span class='ocrx_word' id='word_1_305' title='bbox 1450 1531 1572 1604; x_wconf 84' lang='lat' dir='ltr'><strong>tratres</strong></span> <span class='ocrx_word' id='word_1_306' title='bbox 1590 1531 1673 1614; x_wconf 86' lang='lat' dir='ltr'><strong>moi.</strong></span> <span class='ocrx_word' id='word_1_307' title='bbox 1694 1549 1780 1604; x_wconf 23' lang='lat' dir='ltr'><strong>cumr</strong></span> <span class='ocrx_word' id='word_1_308' title='bbox 1792 1533 1938 1606; x_wconf 80' lang='lat' dir='ltr'><strong>circum·</strong></span> 
     </span>
     <span class='ocr_line' id='line_1_54' title="bbox 1119 1656 1937 1742; baseline 0.002 -10"><span class='ocrx_word' id='word_1_309' title='bbox 1119 1659 1301 1734; x_wconf 86' lang='lat' dir='ltr'><strong>dedissent</strong></span> <span class='ocrx_word' id='word_1_310' title='bbox 1326 1658 1459 1732; x_wconf 87' lang='lat' dir='ltr'><strong>inimici</strong></span> <span class='ocrx_word' id='word_1_311' title='bbox 1486 1656 1635 1742; x_wconf 87' lang='lat' dir='ltr'><strong>urbem,</strong></span> <span class='ocrx_word' id='word_1_312' title='bbox 1664 1659 1764 1732; x_wconf 89' lang='lat' dir='ltr'><strong>missi</strong></span> <span class='ocrx_word' id='word_1_313' title='bbox 1795 1657 1937 1736; x_wconf 87' lang='lat' dir='ltr'><strong>luerunt</strong></span> 
     </span>
     <span class='ocr_line' id='line_1_55' title="bbox 1116 1783 1935 1878; baseline 0.004 -20"><span class='ocrx_word' id='word_1_314' title='bbox 1116 1785 1241 1878; x_wconf 69' lang='lat' dir='ltr'><strong>augeli</strong></span> <span class='ocrx_word' id='word_1_315' title='bbox 1266 1783 1456 1867; x_wconf 79' lang='lat' dir='ltr'><strong>ditissimi,</strong></span> <span class='ocrx_word' id='word_1_316' title='bbox 1485 1790 1521 1858; x_wconf 88' lang='grc' dir='ltr'><strong>ιι</strong></span> <span class='ocrx_word' id='word_1_317' title='bbox 1546 1791 1746 1859; x_wconf 73' lang='lat' dir='ltr'><strong>everterunt</strong></span> <span class='ocrx_word' id='word_1_318' title='bbox 1771 1789 1935 1860; x_wconf 77' lang='lat' dir='ltr'><strong>monlon</strong></span> 
     </span>
     <span class='ocr_line' id='line_1_56' title="bbox 1114 1910 1935 2006; baseline 0.005 -22"><span class='ocrx_word' id='word_1_319' title='bbox 1114 1929 1199 1984; x_wconf 90' lang='lat' dir='ltr'><strong>nem</strong></span> <span class='ocrx_word' id='word_1_320' title='bbox 1228 1912 1319 1984; x_wconf 90' lang='lat' dir='ltr'><strong>mori</strong></span> <span class='ocrx_word' id='word_1_321' title='bbox 1346 1911 1463 1994; x_wconf 84' lang='lat' dir='ltr'><strong>mlidl,</strong></span> <span class='ocrx_word' id='word_1_322' title='bbox 1483 1916 1519 1984; x_wconf 89' lang='lat' dir='ltr'><strong>et</strong></span> <span class='ocrx_word' id='word_1_323' title='bbox 1537 1910 1691 1984; x_wconf 88' lang='lat' dir='ltr'><strong>demoliti</strong></span> <span class='ocrx_word' id='word_1_324' title='bbox 1717 1920 1801 1986; x_wconf 92' lang='lat' dir='ltr'><strong>sunt</strong></span> <span class='ocrx_word' id='word_1_325' title='bbox 1827 1933 1935 2006; x_wconf 87' lang='lat' dir='ltr'><strong>angu-</strong></span> 
     </span>
     <span class='ocr_line' id='line_1_57' title="bbox 1116 2040 1939 2140; baseline 0.004 -28"><span class='ocrx_word' id='word_1_326' title='bbox 1116 2040 1171 2112; x_wconf 92' lang='lat' dir='ltr'><strong>los</strong></span> <span class='ocrx_word' id='word_1_327' title='bbox 1199 2040 1275 2130; x_wconf 86' lang='lat' dir='ltr'><strong>ejus</strong></span> <span class='ocrx_word' id='word_1_328' title='bbox 1294 2040 1415 2113; x_wconf 78' lang='grc' dir='ltr'>ιιιιιιιιι</span> <span class='ocrx_word' id='word_1_329' title='bbox 1441 2041 1588 2129; x_wconf 86' lang='lat' dir='ltr'><strong>terreos,</strong></span> <span class='ocrx_word' id='word_1_330' title='bbox 1607 2041 1667 2132; x_wconf 85' lang='lat' dir='ltr'><strong>qui</strong></span> <span class='ocrx_word' id='word_1_331' title='bbox 1686 2059 1758 2115; x_wconf 92' lang='lat' dir='ltr'><strong>nou</strong></span> <span class='ocrx_word' id='word_1_332' title='bbox 1775 2049 1939 2140; x_wconf 73' lang='lat' dir='ltr'><strong>poterapt</strong></span> 
     </span>
     <span class='ocr_line' id='line_1_58' title="bbox 1115 2167 1933 2245; baseline 0.006 -5"><span class='ocrx_word' id='word_1_333' title='bbox 1115 2167 1296 2242; x_wconf 85' lang='lat' dir='ltr'><strong>eradicari.</strong></span> <span class='ocrx_word' id='word_1_334' title='bbox 1329 2169 1566 2242; x_wconf 86' lang='lat' dir='ltr'><strong>Veruntamen</strong></span> <span class='ocrx_word' id='word_1_335' title='bbox 1600 2187 1684 2242; x_wconf 86' lang='lat' dir='ltr'><strong>vasa</strong></span> <span class='ocrx_word' id='word_1_336' title='bbox 1718 2177 1837 2244; x_wconf 80' lang='lat' dir='ltr'><strong>sanum</strong></span> <span class='ocrx_word' id='word_1_337' title='bbox 1872 2169 1933 2245; x_wconf 91' lang='lat' dir='ltr'><strong>ab·</strong></span> 
     </span>
     <span class='ocr_line' id='line_1_59' title="bbox 1114 2295 1932 2387; baseline 0.001 -17"><span class='ocrx_word' id='word_1_338' title='bbox 1114 2295 1341 2378; x_wconf 85' lang='lat' dir='ltr'><strong>scanderent,</strong></span> <span class='ocrx_word' id='word_1_339' title='bbox 1369 2314 1416 2368; x_wconf 89' lang='lat' dir='ltr'><strong>ne</strong></span> <span class='ocrx_word' id='word_1_340' title='bbox 1443 2297 1679 2387; x_wconf 85' lang='lat' dir='ltr'><strong>polluerentur</strong></span> <span class='ocrx_word' id='word_1_341' title='bbox 1698 2296 1742 2370; x_wconf 92' lang='lat' dir='ltr'><strong>ab</strong></span> <span class='ocrx_word' id='word_1_342' title='bbox 1768 2297 1932 2371; x_wconf 86' lang='lat' dir='ltr'><strong>inimicis.</strong></span> 
     </span>
     <span class='ocr_line' id='line_1_60' title="bbox 1114 2417 1981 2538; baseline 0.006 -42"><span class='ocrx_word' id='word_1_343' title='bbox 1114 2422 1253 2496; x_wconf 82' lang='lat' dir='ltr'><strong>lituum</strong></span> <span class='ocrx_word' id='word_1_344' title='bbox 1282 2422 1446 2496; x_wconf 87' lang='lat' dir='ltr'><strong>iecissent</strong></span> <span class='ocrx_word' id='word_1_345' title='bbox 1472 2422 1581 2508; x_wconf 87' lang='lat' dir='ltr'><strong>baec,</strong></span> <span class='ocrx_word' id='word_1_346' title='bbox 1609 2431 1693 2498; x_wconf 91' lang='lat' dir='ltr'><strong>tuuc</strong></span> <span class='ocrx_word' id='word_1_347' title='bbox 1719 2417 1935 2500; x_wconf 82' lang='lat' dir='ltr'><strong>tradiderunt</strong></span> <span class='ocrx_word' id='word_1_348' title='bbox 1973 2519 1981 2538; x_wconf 38' lang='grc' dir='ltr'><strong><em>Ι</em></strong></span> 
     </span>
     <span class='ocr_line' id='line_1_61' title="bbox 1114 2550 1935 2636; baseline 0.005 -14"><span class='ocrx_word' id='word_1_349' title='bbox 1114 2550 1265 2636; x_wconf 84' lang='lat' dir='ltr'><strong>inimicis</strong></span> <span class='ocrx_word' id='word_1_350' title='bbox 1292 2568 1431 2624; x_wconf 91' lang='lat' dir='ltr'><strong>murum</strong></span> <span class='ocrx_word' id='word_1_351' title='bbox 1450 2568 1623 2633; x_wconf 87' lang='lat' dir='ltr'><strong>evorsum,</strong></span> <span class='ocrx_word' id='word_1_352' title='bbox 1643 2559 1679 2626; x_wconf 85' lang='lat' dir='ltr'><strong>et</strong></span> <span class='ocrx_word' id='word_1_353' title='bbox 1705 2552 1848 2626; x_wconf 92' lang='lat' dir='ltr'><strong>domum</strong></span> <span class='ocrx_word' id='word_1_354' title='bbox 1864 2557 1935 2628; x_wconf 79' lang='lat' dir='ltr'><strong>&#39;ex-</strong></span> 
     </span>
     <span class='ocr_line' id='line_1_62' title="bbox 1114 2677 1934 2773; baseline 0.009 -24"><span class='ocrx_word' id='word_1_355' title='bbox 1114 2677 1289 2767; x_wconf 88' lang='lat' dir='ltr'><strong>poliatam,</strong></span> <span class='ocrx_word' id='word_1_356' title='bbox 1311 2683 1346 2752; x_wconf 89' lang='lat' dir='ltr'><strong>et</strong></span> <span class='ocrx_word' id='word_1_357' title='bbox 1371 2680 1538 2769; x_wconf 90' lang='lat' dir='ltr'><strong>templum</strong></span> <span class='ocrx_word' id='word_1_358' title='bbox 1566 2697 1789 2770; x_wconf 87' lang='lat' dir='ltr'><strong>succensum,</strong></span> <span class='ocrx_word' id='word_1_359' title='bbox 1809 2687 1844 2756; x_wconf 92' lang='grc' dir='ltr'><strong>ιι</strong></span> <span class='ocrx_word' id='word_1_360' title='bbox 1870 2699 1934 2773; x_wconf 65' lang='grc' dir='ltr'><strong>ιιιμ</strong></span> 
     </span>
     <span class='ocr_line' id='line_1_63' title="bbox 1114 2805 1937 2900; baseline 0.007 -20"><span class='ocrx_word' id='word_1_361' title='bbox 1114 2805 1235 2897; x_wconf 88' lang='lat' dir='ltr'><strong>polum</strong></span> <span class='ocrx_word' id='word_1_362' title='bbox 1253 2807 1394 2890; x_wconf 83' lang='lat' dir='ltr'><strong>rictum,</strong></span> <span class='ocrx_word' id='word_1_363' title='bbox 1415 2807 1496 2900; x_wconf 90' lang='lat' dir='ltr'><strong>quia</strong></span> <span class='ocrx_word' id='word_1_364' title='bbox 1513 2807 1658 2882; x_wconf 90' lang='lat' dir='ltr'><strong>traditus</strong></span> <span class='ocrx_word' id='word_1_365' title='bbox 1676 2808 1797 2894; x_wconf 84' lang='lat' dir='ltr'><strong>luerat,</strong></span> <span class='ocrx_word' id='word_1_366' title='bbox 1822 2829 1868 2884; x_wconf 90' lang='grc' dir='ltr'><strong>ιι</strong></span> <span class='ocrx_word' id='word_1_367' title='bbox 1882 2828 1937 2886; x_wconf 91' lang='lat' dir='ltr'><strong>es·</strong></span> 
     </span>
     <span class='ocr_line' id='line_1_64' title="bbox 1115 2933 1934 3024; baseline 0.01 -18"><span class='ocrx_word' id='word_1_368' title='bbox 1115 2939 1194 3006; x_wconf 90' lang='lat' dir='ltr'><strong>sont</strong></span> <span class='ocrx_word' id='word_1_369' title='bbox 1218 2933 1405 3024; x_wconf 79' lang='lat' dir='ltr'><strong>gloriantes</strong></span> <span class='ocrx_word' id='word_1_370' title='bbox 1441 2933 1572 3008; x_wconf 90' lang='lat' dir='ltr'><strong>inimici</strong></span> <span class='ocrx_word' id='word_1_371' title='bbox 1609 2941 1644 3010; x_wconf 92' lang='grc' dir='ltr'><strong>ιι</strong></span> <span class='ocrx_word' id='word_1_372' title='bbox 1670 2937 1839 3014; x_wconf 84' lang='lat' dir='ltr'><strong>dicentes:</strong></span> <span class='ocrx_word' id='word_1_373' title='bbox 1876 2939 1934 3014; x_wconf 85' lang='lat' dir='ltr'><strong>Sic</strong></span> 
     </span>
     <span class='ocr_line' id='line_1_65' title="bbox 1116 3061 1933 3144; baseline 0.013 -14"><span class='ocrx_word' id='word_1_374' title='bbox 1116 3061 1308 3144; x_wconf 82' lang='lat' dir='ltr'><strong>valuimus,</strong></span> <span class='ocrx_word' id='word_1_375' title='bbox 1356 3069 1394 3136; x_wconf 88' lang='lat' dir='ltr'><strong>ut</strong></span> <span class='ocrx_word' id='word_1_376' title='bbox 1436 3064 1539 3135; x_wconf 90' lang='lat' dir='ltr'><strong>otiam</strong></span> <span class='ocrx_word' id='word_1_377' title='bbox 1585 3062 1728 3138; x_wconf 91' lang='lat' dir='ltr'><strong>domum</strong></span> <span class='ocrx_word' id='word_1_378' title='bbox 1764 3064 1933 3142; x_wconf 72' lang='lat' dir='ltr'><strong>ditissimi</strong></span> 
     </span>
    </p>
   </div>
   <div class='ocr_carea' id='block_1_18' title="bbox 1114 3188 2024 3266">
    <p class='ocr_par' dir='ltr' id='par_1_22' title="bbox 1114 3188 2024 3266">
     <span class='ocr_line' id='line_1_66' title="bbox 1114 3188 2024 3266; baseline 0.009 -7"><span class='ocrx_word' id='word_1_379' title='bbox 1114 3188 2024 3266; x_wconf 58' lang='lat' dir='ltr'><strong>mmmmmm‘</strong></span> 
     </span>
    </p>
   </div>
   <div class='ocr_carea' id='block_1_19' title="bbox 1108 3315 1977 5313">
    <p class='ocr_par' dir='ltr' id='par_1_23' title="bbox 1108 3315 1972 4282">
     <span class='ocr_line' id='line_1_67' title="bbox 1108 3315 1928 3408; baseline 0.005 -20"><span class='ocrx_word' id='word_1_380' title='bbox 1108 3316 1297 3390; x_wconf 74' lang='lat' dir='ltr'><strong>duxerunt</strong></span> <span class='ocrx_word' id='word_1_381' title='bbox 1325 3321 1360 3389; x_wconf 92' lang='lat' dir='ltr'><strong>et</strong></span> <span class='ocrx_word' id='word_1_382' title='bbox 1385 3315 1618 3390; x_wconf 87' lang='lat' dir='ltr'><strong>traduxerunt</strong></span> <span class='ocrx_word' id='word_1_383' title='bbox 1642 3317 1679 3390; x_wconf 93' lang='lat' dir='ltr'><strong>iu</strong></span> <span class='ocrx_word' id='word_1_384' title='bbox 1706 3317 1928 3408; x_wconf 82' lang='lat' dir='ltr'><strong>Babylonem,</strong></span> 
     </span>
     <span class='ocr_line' id='line_1_68' title="bbox 1114 3425 1931 3522; baseline 0.005 -6"><span class='ocrx_word' id='word_1_385' title='bbox 1114 3449 1150 3516; x_wconf 90' lang='lat' dir='ltr'><strong>ot</strong></span> <span class='ocrx_word' id='word_1_386' title='bbox 1166 3425 1422 3518; x_wconf 71' lang='lat' dir='ltr'><strong>collaborarunt</strong></span> <span class='ocrx_word' id='word_1_387' title='bbox 1439 3463 1501 3518; x_wconf 88' lang='lat' dir='ltr'><strong>eos</strong></span> <span class='ocrx_word' id='word_1_388' title='bbox 1518 3443 1581 3518; x_wconf 92' lang='lat' dir='ltr'><strong>ibi.</strong></span> <span class='ocrx_word' id='word_1_389' title='bbox 1607 3445 1650 3516; x_wconf 84' lang='lat' dir='ltr'><strong>Et</strong></span> <span class='ocrx_word' id='word_1_390' title='bbox 1673 3445 1782 3522; x_wconf 89' lang='lat' dir='ltr'><strong>rolicti</strong></span> <span class='ocrx_word' id='word_1_391' title='bbox 1801 3447 1931 3520; x_wconf 89' lang='lat' dir='ltr'><strong>luimus</strong></span> 
     </span>
     <span class='ocr_line' id='line_1_69' title="bbox 1113 3569 1929 3666; baseline 0.006 -24"><span class='ocrx_word' id='word_1_392' title='bbox 1113 3587 1179 3642; x_wconf 90' lang='lat' dir='ltr'><strong>nos</strong></span> <span class='ocrx_word' id='word_1_393' title='bbox 1206 3569 1265 3644; x_wconf 94' lang='lat' dir='ltr'><strong>bic</strong></span> <span class='ocrx_word' id='word_1_394' title='bbox 1289 3571 1388 3646; x_wconf 79' lang='lat' dir='ltr'><strong>valde</strong></span> <span class='ocrx_word' id='word_1_395' title='bbox 1414 3571 1528 3662; x_wconf 88' lang='lat' dir='ltr'><strong>pauci.</strong></span> <span class='ocrx_word' id='word_1_396' title='bbox 1557 3572 1649 3646; x_wconf 89' lang='lat' dir='ltr'><strong>llaec</strong></span> <span class='ocrx_word' id='word_1_397' title='bbox 1667 3579 1721 3646; x_wconf 87' lang='lat' dir='ltr'><strong>ost</strong></span> <span class='ocrx_word' id='word_1_398' title='bbox 1745 3571 1929 3666; x_wconf 83' lang='lat' dir='ltr'><strong>augustia,</strong></span> 
     </span>
     <span class='ocr_line' id='line_1_70' title="bbox 1113 3679 1929 3788; baseline 0.009 -20"><span class='ocrx_word' id='word_1_399' title='bbox 1113 3694 1159 3768; x_wconf 90' lang='lat' dir='ltr'><strong>de</strong></span> <span class='ocrx_word' id='word_1_400' title='bbox 1185 3713 1255 3787; x_wconf 83' lang='lat' dir='ltr'><strong>qua</strong></span> <span class='ocrx_word' id='word_1_401' title='bbox 1285 3697 1411 3788; x_wconf 87' lang='lat' dir='ltr'><strong>scripsi</strong></span> <span class='ocrx_word' id='word_1_402' title='bbox 1445 3697 1557 3772; x_wconf 83' lang='lat' dir='ltr'><strong>robis.</strong></span> <span class='ocrx_word' id='word_1_403' title='bbox 1585 3679 1676 3772; x_wconf 78' lang='lat' dir='ltr'><strong>vara</strong></span> <span class='ocrx_word' id='word_1_404' title='bbox 1703 3699 1796 3772; x_wconf 90' lang='lat' dir='ltr'><strong>enim</strong></span> <span class='ocrx_word' id='word_1_405' title='bbox 1828 3699 1929 3786; x_wconf 87' lang='lat' dir='ltr'><strong>scio,</strong></span> 
     </span>
     <span class='ocr_line' id='line_1_71' title="bbox 1113 3822 1925 3916; baseline 0.007 -20"><span class='ocrx_word' id='word_1_406' title='bbox 1113 3822 1210 3916; x_wconf 87' lang='lat' dir='ltr'><strong>quod</strong></span> <span class='ocrx_word' id='word_1_407' title='bbox 1246 3823 1495 3899; x_wconf 89' lang='lat' dir='ltr'><strong>consolabatur.</strong></span> <span class='ocrx_word' id='word_1_408' title='bbox 1520 3843 1584 3898; x_wconf 85' lang='lat' dir='ltr'><strong>vos</strong></span> <span class='ocrx_word' id='word_1_409' title='bbox 1619 3825 1784 3900; x_wconf 88' lang='lat' dir='ltr'><strong>babitalio</strong></span> <span class='ocrx_word' id='word_1_410' title='bbox 1816 3827 1925 3913; x_wconf 91' lang='lat' dir='ltr'><strong>Sion,</strong></span> 
     </span>
     <span class='ocr_line' id='line_1_72' title="bbox 1113 3953 1934 4048; baseline 0.013 -24"><span class='ocrx_word' id='word_1_411' title='bbox 1113 3957 1281 4042; x_wconf 86' lang='lat' dir='ltr'><strong>quantum</strong></span> <span class='ocrx_word' id='word_1_412' title='bbox 1307 3953 1468 4028; x_wconf 87' lang='lat' dir='ltr'><strong>sciebatis</strong></span> <span class='ocrx_word' id='word_1_413' title='bbox 1496 3954 1592 4046; x_wconf 82' lang='lat' dir='ltr'><strong>qood</strong></span> <span class='ocrx_word' id='word_1_414' title='bbox 1623 3964 1824 4048; x_wconf 88' lang='lat' dir='ltr'><strong>prosperata</strong></span> <span class='ocrx_word' id='word_1_415' title='bbox 1844 3967 1934 4035; x_wconf 78' lang='lat' dir='ltr'><strong>erat</strong></span> 
     </span>
     <span class='ocr_line' id='line_1_73' title="bbox 1112 4081 1972 4188; baseline 0.013 -38"><span class='ocrx_word' id='word_1_416' title='bbox 1112 4095 1197 4170; x_wconf 89' lang='lat' dir='ltr'><strong>prae</strong></span> <span class='ocrx_word' id='word_1_417' title='bbox 1224 4081 1392 4172; x_wconf 86' lang='lat' dir='ltr'><strong>angustia,</strong></span> <span class='ocrx_word' id='word_1_418' title='bbox 1421 4091 1491 4173; x_wconf 88' lang='lat' dir='ltr'><strong>qua</strong></span> <span class='ocrx_word' id='word_1_419' title='bbox 1513 4082 1814 4188; x_wconf 83' lang='lat' dir='ltr'><strong>angustiabaminl,</strong></span> <span class='ocrx_word' id='word_1_420' title='bbox 1835 4087 1932 4178; x_wconf 88' lang='lat' dir='ltr'><strong>quod</strong></span> <span class='ocrx_word' id='word_1_421' title='bbox 1968 4111 1972 4120; x_wconf 62' lang='grc'><em>’</em></span> 
     </span>
     <span class='ocr_line' id='line_1_74' title="bbox 1113 4205 1458 4282; baseline 0 -2"><span class='ocrx_word' id='word_1_422' title='bbox 1113 4205 1325 4282; x_wconf 89' lang='lat' dir='ltr'><strong>discessistis</strong></span> <span class='ocrx_word' id='word_1_423' title='bbox 1343 4207 1388 4281; x_wconf 92' lang='lat' dir='ltr'><strong>ab</strong></span> <span class='ocrx_word' id='word_1_424' title='bbox 1406 4225 1458 4282; x_wconf 88' lang='lat' dir='ltr'><strong>ea.</strong></span> 
     </span>
    </p>

    <p class='ocr_par' dir='ltr' id='par_1_24' title="bbox 1111 4333 1977 5313">
     <span class='ocr_line' id='line_1_75' title="bbox 1166 4333 1931 4414; baseline 0.01 -8"><span class='ocrx_word' id='word_1_425' title='bbox 1166 4333 1230 4410; x_wconf 90' lang='lat' dir='ltr'><strong>8l.</strong></span> <span class='ocrx_word' id='word_1_426' title='bbox 1258 4334 1330 4408; x_wconf 89' lang='lat' dir='ltr'><strong>Sed</strong></span> <span class='ocrx_word' id='word_1_427' title='bbox 1354 4336 1457 4410; x_wconf 89' lang='lat' dir='ltr'><strong>etiam</strong></span> <span class='ocrx_word' id='word_1_428' title='bbox 1475 4334 1520 4410; x_wconf 90' lang='lat' dir='ltr'><strong>de</strong></span> <span class='ocrx_word' id='word_1_429' title='bbox 1548 4335 1787 4412; x_wconf 89' lang='lat' dir='ltr'><strong>consolatione</strong></span> <span class='ocrx_word' id='word_1_430' title='bbox 1814 4337 1931 4414; x_wconf 88' lang='lat' dir='ltr'><strong>audite</strong></span> 
     </span>
     <span class='ocr_line' id='line_1_76' title="bbox 1111 4461 1926 4555; baseline 0.002 -19"><span class='ocrx_word' id='word_1_431' title='bbox 1111 4461 1270 4536; x_wconf 77' lang='lat' dir='ltr'><strong>verbum.</strong></span> <span class='ocrx_word' id='word_1_432' title='bbox 1290 4464 1363 4554; x_wconf 85' lang='lat' dir='ltr'><strong>Ego</strong></span> <span class='ocrx_word' id='word_1_433' title='bbox 1391 4464 1485 4538; x_wconf 88' lang='lat' dir='ltr'><strong>euim</strong></span> <span class='ocrx_word' id='word_1_434' title='bbox 1511 4461 1673 4554; x_wconf 88' lang='lat' dir='ltr'><strong>lugebam</strong></span> <span class='ocrx_word' id='word_1_435' title='bbox 1696 4481 1803 4555; x_wconf 89' lang='lat' dir='ltr'><strong>super</strong></span> <span class='ocrx_word' id='word_1_436' title='bbox 1829 4465 1926 4548; x_wconf 86' lang='lat' dir='ltr'><strong>Sion,</strong></span> 
     </span>
     <span class='ocr_line' id='line_1_77' title="bbox 1112 4589 1927 4681; baseline 0.005 -17"><span class='ocrx_word' id='word_1_437' title='bbox 1112 4594 1147 4664; x_wconf 89' lang='grc' dir='ltr'><strong>ιι</strong></span> <span class='ocrx_word' id='word_1_438' title='bbox 1171 4591 1345 4681; x_wconf 86' lang='lat' dir='ltr'><strong>postulavi</strong></span> <span class='ocrx_word' id='word_1_439' title='bbox 1371 4590 1647 4666; x_wconf 88' lang='lat' dir='ltr'><strong>misericordiam</strong></span> <span class='ocrx_word' id='word_1_440' title='bbox 1674 4589 1717 4664; x_wconf 89' lang='lat' dir='ltr'><strong>ab</strong></span> <span class='ocrx_word' id='word_1_441' title='bbox 1735 4590 1927 4676; x_wconf 78' lang='lat' dir='ltr'><strong>ditissimo,</strong></span> 
     </span>
     <span class='ocr_line' id='line_1_78' title="bbox 1112 4717 1977 4810; baseline 0.005 -18"><span class='ocrx_word' id='word_1_442' title='bbox 1112 4723 1148 4792; x_wconf 91' lang='lat' dir='ltr'><strong>ot</strong></span> <span class='ocrx_word' id='word_1_443' title='bbox 1191 4717 1289 4792; x_wconf 84' lang='lat' dir='ltr'><strong>diui:</strong></span> <span class='ocrx_word' id='word_1_444' title='bbox 1324 4717 1496 4792; x_wconf 84' lang='lat' dir='ltr'><strong>Haeccine</strong></span> <span class='ocrx_word' id='word_1_445' title='bbox 1540 4735 1656 4810; x_wconf 81' lang='lat' dir='ltr'><strong>usquo</strong></span> <span class='ocrx_word' id='word_1_446' title='bbox 1705 4719 1753 4792; x_wconf 88' lang='lat' dir='ltr'><strong>ad</strong></span> <span class='ocrx_word' id='word_1_447' title='bbox 1778 4721 1928 4796; x_wconf 86' lang='lat' dir='ltr'><strong>norissi-</strong></span> <span class='ocrx_word' id='word_1_448' title='bbox 1963 4719 1977 4744; x_wconf 82' lang='lat'><strong><em>‘</em></strong></span> 
     </span>
     <span class='ocr_line' id='line_1_79' title="bbox 1113 4843 1926 4936; baseline 0.002 -18"><span class='ocrx_word' id='word_1_449' title='bbox 1113 4861 1209 4920; x_wconf 92' lang='lat' dir='ltr'><strong>mum</strong></span> <span class='ocrx_word' id='word_1_450' title='bbox 1244 4845 1499 4936; x_wconf 87' lang='lat' dir='ltr'><strong>parmanebunt</strong></span> <span class='ocrx_word' id='word_1_451' title='bbox 1525 4843 1660 4920; x_wconf 90' lang='lat' dir='ltr'><strong>nobis‘l</strong></span> <span class='ocrx_word' id='word_1_452' title='bbox 1696 4845 1739 4919; x_wconf 83' lang='lat' dir='ltr'><strong>Et</strong></span> <span class='ocrx_word' id='word_1_453' title='bbox 1764 4848 1803 4920; x_wconf 90' lang='lat' dir='ltr'><strong>in</strong></span> <span class='ocrx_word' id='word_1_454' title='bbox 1828 4849 1926 4921; x_wconf 89' lang='lat' dir='ltr'><strong>omni</strong></span> 
     </span>
     <span class='ocr_line' id='line_1_80' title="bbox 1111 4973 1928 5066; baseline 0.007 -20"><span class='ocrx_word' id='word_1_455' title='bbox 1111 4979 1269 5064; x_wconf 86' lang='lat' dir='ltr'><strong>tompore</strong></span> <span class='ocrx_word' id='word_1_456' title='bbox 1303 4973 1443 5048; x_wconf 81' lang='lat' dir='ltr'><strong>veniant</strong></span> <span class='ocrx_word' id='word_1_457' title='bbox 1478 4992 1586 5066; x_wconf 91' lang='lat' dir='ltr'><strong>super</strong></span> <span class='ocrx_word' id='word_1_458' title='bbox 1620 4992 1686 5050; x_wconf 89' lang='lat' dir='ltr'><strong>nos</strong></span> <span class='ocrx_word' id='word_1_459' title='bbox 1718 4976 1928 5052; x_wconf 88' lang='lat' dir='ltr'><strong>calamitates</strong></span> 
     </span>
     <span class='ocr_line' id='line_1_81' title="bbox 1111 5099 1928 5179; baseline 0.009 -8"><span class='ocrx_word' id='word_1_460' title='bbox 1111 5099 1230 5172; x_wconf 73' lang='lat' dir='ltr'><strong>istae?</strong></span> <span class='ocrx_word' id='word_1_461' title='bbox 1255 5099 1298 5172; x_wconf 83' lang='lat' dir='ltr'><strong>lit</strong></span> <span class='ocrx_word' id='word_1_462' title='bbox 1332 5099 1412 5174; x_wconf 90' lang='lat' dir='ltr'><strong>iecit</strong></span> <span class='ocrx_word' id='word_1_463' title='bbox 1442 5101 1554 5174; x_wconf 82' lang='lat' dir='ltr'><strong>Fortis</strong></span> <span class='ocrx_word' id='word_1_464' title='bbox 1580 5100 1776 5179; x_wconf 86' lang='lat' dir='ltr'><strong>secundom</strong></span> <span class='ocrx_word' id='word_1_465' title='bbox 1811 5104 1928 5178; x_wconf 89' lang='lat' dir='ltr'><strong>multi·</strong></span> 
     </span>
     <span class='ocr_line' id='line_1_82' title="bbox 1111 5225 1928 5313; baseline 0.009 -15"><span class='ocrx_word' id='word_1_466' title='bbox 1111 5225 1269 5304; x_wconf 90' lang='lat' dir='ltr'><strong>tudinem</strong></span> <span class='ocrx_word' id='word_1_467' title='bbox 1306 5227 1565 5302; x_wconf 86' lang='lat' dir='ltr'><strong>miserirordiae</strong></span> <span class='ocrx_word' id='word_1_468' title='bbox 1592 5245 1702 5313; x_wconf 88' lang='lat' dir='ltr'><strong>suae,</strong></span> <span class='ocrx_word' id='word_1_469' title='bbox 1730 5235 1765 5304; x_wconf 92' lang='lat' dir='ltr'><strong>et</strong></span> <span class='ocrx_word' id='word_1_470' title='bbox 1791 5228 1928 5305; x_wconf 81' lang='lat' dir='ltr'><strong>Altissi·</strong></span> 
     </span>
    </p>
   </div>
   <div class='ocr_carea' id='block_1_20' title="bbox 1112 5355 2064 5448">
    <p class='ocr_par' dir='ltr' id='par_1_25' title="bbox 1112 5355 2064 5448">
     <span class='ocr_line' id='line_1_83' title="bbox 1112 5355 2064 5448; baseline 0.006 -20"><span class='ocrx_word' id='word_1_471' title='bbox 1112 5373 1191 5428; x_wconf 90' lang='lat' dir='ltr'><strong>mus</strong></span> <span class='ocrx_word' id='word_1_472' title='bbox 1217 5355 1412 5430; x_wconf 84' lang='lat' dir='ltr'><strong>secuudum</strong></span> <span class='ocrx_word' id='word_1_473' title='bbox 1439 5355 1713 5448; x_wconf 87' lang='lat' dir='ltr'><strong>magnitudinem</strong></span> <span class='ocrx_word' id='word_1_474' title='bbox 1739 5359 1929 5434; x_wconf 90' lang='lat' dir='ltr'><strong>miseratio·</strong></span> <span class='ocrx_word' id='word_1_475' title='bbox 2056 5363 2064 5372; x_wconf 83' lang='lat'>&#39;</span> 
     </span>
    </p>
   </div>
   <div class='ocr_carea' id='block_1_21' title="bbox 1111 5483 1928 5834">
    <p class='ocr_par' dir='ltr' id='par_1_26' title="bbox 1111 5483 1928 5834">
     <span class='ocr_line' id='line_1_84' title="bbox 1111 5483 1928 5571; baseline 0.006 -15"><span class='ocrx_word' id='word_1_476' title='bbox 1111 5483 1167 5558; x_wconf 90' lang='lat' dir='ltr'><strong>uis</strong></span> <span class='ocrx_word' id='word_1_477' title='bbox 1191 5501 1299 5571; x_wconf 87' lang='lat' dir='ltr'><strong>suae;</strong></span> <span class='ocrx_word' id='word_1_478' title='bbox 1333 5489 1369 5558; x_wconf 90' lang='grc' dir='ltr'><strong>ιι</strong></span> <span class='ocrx_word' id='word_1_479' title='bbox 1393 5484 1557 5558; x_wconf 84' lang='lat' dir='ltr'><strong>rovelavit</strong></span> <span class='ocrx_word' id='word_1_480' title='bbox 1582 5483 1669 5564; x_wconf 89' lang='lat' dir='ltr'><strong>mibi</strong></span> <span class='ocrx_word' id='word_1_481' title='bbox 1695 5485 1861 5571; x_wconf 75' lang='lat' dir='ltr'><strong>corbum,</strong></span> <span class='ocrx_word' id='word_1_482' title='bbox 1889 5493 1928 5561; x_wconf 92' lang='lat' dir='ltr'><strong>ut</strong></span> 
     </span>
     <span class='ocr_line' id='line_1_85' title="bbox 1112 5609 1928 5698; baseline 0.004 -13"><span class='ocrx_word' id='word_1_483' title='bbox 1112 5611 1324 5697; x_wconf 90' lang='lat' dir='ltr'><strong>consolarer,</strong></span> <span class='ocrx_word' id='word_1_484' title='bbox 1344 5615 1379 5688; x_wconf 89' lang='grc' dir='ltr'><strong>ιι</strong></span> <span class='ocrx_word' id='word_1_485' title='bbox 1397 5609 1550 5686; x_wconf 87' lang='lat' dir='ltr'><strong>ostendit</strong></span> <span class='ocrx_word' id='word_1_486' title='bbox 1575 5610 1662 5686; x_wconf 91' lang='lat' dir='ltr'><strong>mibi</strong></span> <span class='ocrx_word' id='word_1_487' title='bbox 1688 5611 1854 5698; x_wconf 75' lang='lat' dir='ltr'><strong>usiones,</strong></span> <span class='ocrx_word' id='word_1_488' title='bbox 1880 5631 1928 5688; x_wconf 86' lang='lat' dir='ltr'><strong>na</strong></span> 
     </span>
     <span class='ocr_line' id='line_1_86' title="bbox 1111 5739 1926 5834; baseline -0.001 -18"><span class='ocrx_word' id='word_1_489' title='bbox 1111 5740 1238 5816; x_wconf 86' lang='lat' dir='ltr'><strong>iterum</strong></span> <span class='ocrx_word' id='word_1_490' title='bbox 1263 5740 1490 5834; x_wconf 79' lang='lat' dir='ltr'><strong>angustiatur,</strong></span> <span class='ocrx_word' id='word_1_491' title='bbox 1510 5743 1546 5817; x_wconf 90' lang='lat' dir='ltr'><strong>et</strong></span> <span class='ocrx_word' id='word_1_492' title='bbox 1567 5739 1820 5818; x_wconf 82' lang='lat' dir='ltr'><strong>demonstrarit</strong></span> <span class='ocrx_word' id='word_1_493' title='bbox 1840 5741 1926 5816; x_wconf 86' lang='lat' dir='ltr'><strong>mibi</strong></span> 
     </span>
    </p>
   </div>
   <div class='ocr_carea' id='block_1_22' title="bbox 0 0 2360 6432">
    <p class='ocr_par' dir='ltr' id='par_1_27' title="bbox 0 0 2360 6432">
     <span class='ocr_line' id='line_1_87' title="bbox 0 0 2360 6432; baseline 0 2"><span class='ocrx_word' id='word_1_494' title='bbox 0 0 2360 6432; x_wconf 95' lang='lat' dir='ltr'><strong> </strong></span> 
     </span>
    </p>
   </div>
  </div>
 </body>
</html>
