4594 6452
820 85 833 126 Ι

895 251 1108 342 -roba

185 421 227 498 Et
253 419 442 514 respondi,
473 425 508 493 et
535 417 636 494 dixi:
673 419 701 491 0
730 405 815 511 quid
842 419 954 496 fecisti

133 559 248 635 terra,
278 569 297 622 a
325 569 393 642 qua
420 549 477 622 isti
495 529 575 620 'nati
603 553 712 630 sunt,
740 553 775 619 ot
801 551 886 620 eunt
917 547 954 619 irr

132 679 376 771 perditionem.
415 677 451 748 Si
488 681 603 748 eutem
636 674 872 747 intellectus·
908 673 953 746 de

133 806 277 896 puluere
314 809 392 888 ost,
434 804 524 876 sicut
559 802 715 892 retiquae
750 806 952 882 creaturae,

135 929 342 1020 expediebat
376 935 415 1002 ut
450 931 583 1002 utinam
621 929 723 1000 etiam
755 929 833 1018 ipse
860 933 955 1002 esset

134 1055 250 1147 putris
265 1079 274 1141 ;
304 1074 376 1129 non
404 1063 518 1130 antem
546 1055 621 1137 init,
651 1055 731 1145 quia
758 1056 954 1128 intellectus

135 1182 300 1256 nouerit
327 1181 465 1256 exinde.
493 1181 592 1256 Nunc
619 1189 733 1254 autem
760 1183 954 1255 intellectus

135 1307 319 1381 nobiscum
338 1309 475 1389 crescit,
505 1315 539 1381 et
565 1315 710 1398 propter
727 1305 795 1381 boc
823 1309 984 1381 crucia.

135 1452 225 1517 mur,
242 1435 322 1526 quia
341 1452 421 1507 cum
440 1435 593 1507 sciamus
612 1435 780 1524 perimus.
801 1435 956 1525 Lugeant

136 1563 359 1652 cognationes
386 1561 581 1644 hominum,
610 1559 702 1632 torae
730 1567 844 1633 autem
872 1577 955 1649 gau·

136 1687 250 1770 deant,
280 1689 513 1760 lamententur
540 1705 665 1760 omnes
692 1688 774 1770 nati,
799 1685 956 1776 jumenta

135 1819 249 1888 autem
278 1819 312 1886 et
337 1831 446 1904 pecus
475 1813 654 1897 exultent,
684 1813 766 1903 quia
794 1813 862 1885 iliis
894 1831 954 1885 ex-

135 1938 232 2030 pedit
268 1939 416 2010 muitum
452 1939 552 2012 ualde
589 1957 693 2029 quam
721 1939 845 2022 nobis,
875 1941 956 2029 quia

135 2083 208 2138 non
235 2071 417 2155 expectant
440 2065 632 2166 judicium,
661 2085 778 2156 neque
805 2073 956 2140 noscunt

136 2193 359 2282 supplicium,
379 2209 495 2284 neque
513 2193 582 2264 vita
609 2200 690 2283 post
712 2200 859 2265 mortem
877 2211 956 2284 pro·

136 2319 244 2392 missa
271 2325 325 2392 est
343 2320 406 2392 cis.
436 2319 506 2392 Nos
526 2319 619 2391 enim
642 2319 727 2410 quid
753 2320 955 2410 prodcimue

135 2445 232 2534 quod
250 2445 405 2519 viventes
423 2447 585 2528 uiuimus,
615 2447 679 2519 sed
699 2448 853 2518 cmciatu
880 2465 956 2520 cru·

136 2571 335 2644 ciebimur'i
361 2573 491 2645 Omnes
518 2573 613 2645 enim
643 2573 713 2644 nati
741 2573 956 2662 coinquinati

135 2701 272 2773 suntin
299 2701 461 2790 peccatis,
482 2706 517 2772 et
542 2699 636 2790 pleni
656 2705 740 2772 sunt
761 2699 953 2790 iniquitate,

1 2879 2 2896 .
136 2835 171 2900 ot
196 2845 319 2917 graues
345 2845 454 2918 super
471 2845 533 2900 eos
552 2829 674 2899 ruinae
693 2843 826 2900 eorum.
855 2825 898 2899 bt
923 2826 955 2899 ei

134 2959 379 3046 postmortem
398 2967 470 3026 non
489 2955 689 3026 veniremus
708 2951 752 3024 ad
770 2950 951 3061 judicium,

1 3134 2 3139 Ν
135 3079 282 3154 muitum
301 3081 481 3171 expediret
499 3080 615 3153 nobie.

187 3209 230 3280 Et
243 3207 434 3298 respondit,
450 3214 485 3281 et
503 3208 590 3280 dixit
608 3207 652 3278 ad
671 3223 739 3279 me:
757 3206 799 3278 Et
813 3206 953 3298 quando

1 3432 4 3439 ⁴
135 3335 333 3408 ditissimus
360 3335 490 3408 iaciens
518 3334 664 3410 iaciebat
689 3333 889 3416 saeculum,
919 3339 954 3408 et

134 3461 257 3546 tidem,
278 3467 312 3534 et
337 3479 460 3535 omnes
479 3461 540 3552 qui
559 3461 698 3533 inerunt
716 3459 759 3532 ab
779 3477 832 3542 eo,
853 3465 955 3532 antea

134 3581 266 3678 paravit
289 3585 484 3677 judicium,
513 3593 548 3660 ct
576 3585 821 3677 praejudicii
858 3591 951 3660 sunt.

135 3714 179 3788 iit
203 3733 299 3786 nunc
317 3731 363 3786 ex
388 3714 504 3787 serbis
522 3713 592 3787 tuis
619 3713 783 3803 intellige,
805 3713 886 3804 quia
904 3711 955 3784 di·

1 3912 2 3932 ,
136 3841 230 3923 xisti,
258 3839 354 3932 quod
379 3841 574 3914 intellectus
601 3839 784 3912 nobiscum
817 3837 952 3911 crescit.

1 4050 2 4058 .
136 3964 352 4038 dubitatores
379 3983 463 4056 erpo
482 3967 592 4039 terrae
610 3973 753 4056 propter
779 3965 846 4038 boc
873 3983 949 4038 cru·

1 4083 2 4086 ‘
136 4093 281 4176 cientur,
301 4092 396 4184 quod
424 4111 503 4165 cum
531 4093 576 4166 sit
601 4092 639 4164 iu
666 4093 717 4164 eis
744 4092 951 4174 intellectus,

135 4227 256 4316 inique
283 4231 449 4316 egerunt,
488 4231 522 4297 ct
558 4229 768 4313 acceperunt
794 4222 954 4296 mandata

136 4357 171 4426 et
183 4369 255 4426 non
275 4349 516 4426 custodierunt
533 4365 585 4434 ee,
602 4351 704 4424 etiam
722 4352 848 4442 tegern,
864 4369 954 4442 qnae

135 4481 248 4571 posita
274 4479 338 4553 iuit
364 4479 428 4561 eis,
449 4477 654 4567 rejecerunt.
674 4477 717 4550 ut
744 4477 829 4568 quid
846 4475 953 4551 babe-

1 4699 2 4704 .
137 4611 215 4680 rent
241 4607 346 4698 quod·
365 4583 482 4680 dicant
518 4607 553 4678 in
586 4606 743 4698 judicio,
772 4611 831 4678 aut
865 4623 953 4696 quo-

136 4713 242 4807 modo
260 4735 417 4826 operient
442 4752 483 4806 os
506 4748 621 4818 suom,
642 4739 677 4806 et
703 4733 890 4823 toquentur
915 4733 954 4806 in

1 4847 2 4858 '
136 4867 294 4952 ternpore
319 4861 540 4934 nouissimo?
562 4858 728 4948 Quandiu'
755 4857 848 4930 enirn
876 4857 953 4930 lon·

1 5085 2 5094 .
135 4989 284 5080 ganimis
302 4989 366 5062 tuit
378 4987 577 5061 ditissimus
596 4989 632 5060 in
652 4985 862 5058 habitatores
881 5001 956 5058 sac·

137 5113 230 5198 cuii,
258 5120 294 5188 et
319 5113 463 5187 minime
489 5119 632 5205 propter
658 5129 720 5186 eos
748 5113 862 5204 ipsos,
889 5109 954 5184 sed

1 5213 2 5226 Ν
136 5245 280 5332 propter
298 5245 453 5332 tempora
472 5239 644 5331 repositat

1 5343 2 5355 Ν
188 5365 232 5438 tir
249 5365 427 5458 respondi,
448 5371 483 5438 et
499 5364 589 5438 dixi:
618 5365 655 5438 si
674 5365 793 5438 inueni
811 5365 955 5457 gratiam

136 5493 173 5566 in
200 5497 392 5584 conspectu
419 5497 490 5575 tuo,
511 5491 706 5565 dominator
723 5491 881 5576 bomine,
900 5491 954 5566 iu·

136 5617 215 5694 dica
232 5637 335 5693 seruo
354 5623 415 5692 tuo
434 5619 537 5694 etiem
565 5617 670 5693 istud.
689 5619 750 5710 Eia
767 5625 848 5712 post
864 5637 956 5694 mor·

1 5737 3 5770 ²
137 5753 208 5824 tem
236 5761 356 5835 nunc,
384 5767 466 5824 cnm
493 5749 674 5826 reddimus
689 5747 831 5842 singuli
858 5749 962 5842 quta·

1048 436 1118 510 que
1146 416 1295 490 animam
1323 423 1488 502 nostram,
1509 435 1594 490 num
1623 407 1790 492 custoditi
1804 407 1868 494 cu?

1047 545 1218 620 stodimor
1245 546 1282 617 in
1311 545 1451 636 quiete,
1481 545 1595 617 donec
1631 545 1772 618 ueniant
1808 545 1866 618 iila

1047 679 1227 762 tempora,
1258 673 1293 744 in
1323 671 1450 762 onibus
1479 671 1631 744 tutorum
1660 677 1715 745 est
1748 679 1785 744 ut
1812 690 1897 745 re·-

1047 817 1156 872 nores
1183 805 1374 872 creaturam
1402 805 1508 881 tuam,
1537 817 1582 870 an
1610 781 1653 872 cx
1680 795 1747 871 boc
1773 815 1868 902 nunc

1048 925 1268 1018 cruciamur?
1295 925 1336 996 ut
1363 924 1555 1015 respondit,
1574 931 1610 998 et
1628 924 1716 996 dixit
1734 925 1778 998 ed
1797 943 1868 997 me:

1047 1052 1210 1126 Indicabo
1238 1053 1300 1125 tibi
1329 1053 1432 1125 etiam
1452 1053 1496 1125 de
1516 1053 1594 1125 isto.
1624 1053 1675 1126 Tu
1693 1071 1776 1126 vero
1795 1044 1868 1126 non

1049 1179 1240 1269 conjunges
1269 1181 1418 1250 enimam
1436 1185 1530 1252 tuam
1558 1197 1638 1253 cum
1665 1179 1870 1253 inobedien-

1049 1307 1168 1390 tibus,
1197 1325 1313 1398 ncque
1341 1308 1608 1380 connumerabis
1645 1309 1868 1400 temetipsum

1050 1453 1130 1507 cum
1157 1434 1200 1506 iis
1220 1435 1281 1524 qui
1309 1431 1532 1507 cruciantur!
1547 1435 1661 1510 Habes
1680 1437 1773 1508 enim
1792 1435 1868 1508 the·

1049 1579 1191 1634 eaurnm
1220 1579 1364 1652 operum
1394 1562 1586 1652 repositum
1614 1561 1706 1653 apud
1733 1549 1869 1636 titissil

1050 1705 1157 1769 mum,
1179 1705 1294 1778 neque
1313 1687 1491 1779 apparebit
1510 1687 1571 1761 tibi
1590 1659 1767 1780 usquead
1785 1696 1868 1762 tem·

1049 1831 1134 1904 pora
1161 1815 1363 1890 nouissima.
1393 1814 1441 1887 De
1461 1821 1571 1887 morte
1595 1821 1710 1888 autem
1729 1815 1797 1888 boc
1815 1820 1869 1888 est

1049 1939 1206 2013 uerbum.
1223 1939 1369 2026 Quando
1384 1941 1508 2015 exierit
1523 1941 1655 2014 decisio
1675 1943 1869 2015 sententiae

1049 2055 1289 2140 abditissimo
1308 2085 1415 2158 super
1432 2067 1611 2140 hominem
1631 2074 1668 2144 ut
1689 2069 1866 2151 moriatur,

1050 2193 1190 2284 quando
1217 2200 1397 2283 separatur
1424 2195 1566 2302 spiritus
1594 2213 1613 2266 a
1641 2203 1801 2286 corpore,
1831 2203 1870 2268 nt

1048 2320 1241 2392 remittatur
1259 2321 1303 2392 ad
1321 2321 1419 2392 iilum
1440 2321 1501 2424 <11¹1
1520 2319 1615 2420 dedit
1633 2319 1728 2404 eum,
1755 2321 1867 2413 primo

1049 2446 1169 2519 adoret
1195 2445 1339 2538 gloriam
1358 2447 1439 2531 Dei;
1470 2447 1500 2519 si
1515 2453 1634 2520 autem
1654 2455 1708 2520 est
1726 2465 1770 2520 ex
1788 2465 1869 2521 con·

1047 2572 1290 2662 temptoribus,
1311 2579 1370 2644 aut
1397 2591 1441 2646 ex
1468 2574 1536 2647 illis
1565 2575 1625 2665 qui
1653 2592 1724 2646 non
1748 2581 1864 2648 custo·
1984 2603 1988 2610 ⁴

1048 2699 1188 2774 dierunt
1224 2703 1297 2775 vias
1329 2701 1518 2786 ditissimi,
1553 2709 1610 2776 aut
1637 2721 1682 2806 ex
1709 2703 1778 2776 iilis
1806 2704 1867 2794 qui

1049 2827 1199 2901 oderunt
1238 2829 1401 2902 timentes
1438 2830 1572 2913 Deum,
1602 2830 1737 2900 animae
1777 2831 1865 2902 istae

1048 2956 1281 3046 promptuaria
1317 2973 1389 3027 non
1416 2953 1683 3046 ingrediuntur,
1721 2955 1785 3028 scd
1808 2947 1868 3030 'ex

1048 3080 1116 3154 boc
1142 3099 1237 3153 nunc
1264 3089 1346 3152 sunt
1373 3081 1409 3152 in
1439 3081 1635 3172 supplicio,
1665 3089 1699 3156 et
1725 3089 1869 3174 gemunt

1049 3213 1083 3281 et
1101 3207 1346 3280 contristantur
1366 3209 1597 3298 septemviis.
1733 3275 1734 3280 .

1100 3334 1163 3406 Via
1189 3335 1325 3425 prima,
1355 3335 1452 3425 quod
1478 3335 1679 3410 restiterunt
1714 3335 1781 3426 legi
1808 3330 1865 3440 bi·

1046 3462 1186 3541 tissimi.

1099 3587 1162 3660 Via
1189 3568 1355 3672 secunda,
1385 3589 1482 3680 quod
1508 3605 1579 3660 non
1607 3593 1755 3679 possunt
1782 3606 1865 3661 con·

1046 3715 1133 3788 verti
1151 3720 1186 3787 ct
1202 3715 1314 3788 iecere
1332 3715 1436 3798 bona,
1457 3717 1493 3788 in
1513 3713 1641 3805 quibus
1660 3715 1848 3790 salventur.

1101 3842 1165 3916 Via
1191 3843 1301 3926 tertia,
1331 3843 1425 3932 qnod
1445 3841 1563 3914 uident
1590 3841 1787 3916 mercedem
1811 3859 1865 3916 re·

1046 3967 1193 4058 positam
1213 3967 1282 4040 iilis
1301 3970 1362 4058 qui
1381 3967 1615 4042 crediderunt.
1752 4057 1756 4066 .

1034 4073 1038 4080 ⁴
1100 4095 1163 4167 Via
1180 4101 1313 4186 quarta,
1334 4095 1430 4186 quod
1448 4100 1621 4168 noverunt
1639 4099 1674 4167 et
1690 4083 1868 4170 intellexe-

1047 4225 1129 4292 runt
1146 4219 1368 4311 supplicium,
1389 4219 1485 4311 quod
1511 4227 1668 4310 peratum
1688 4227 1742 4294 ost
1759 4221 1811 4296 eie
1830 4223 1866 4294 in

1047 4346 1264 4428 nouissimo,
1292 4347 1329 4420 in
1361 4366 1432 4439 quo
1464 4349 1695 4438 corripientur
1731 4349 1867 4423 animae

1046 4473 1257 4564 impiorum:
1293 4475 1374 4564 quia
1410 4494 1490 4548 cum
1526 4474 1694 4550 baberent
1729 4483 1866 4567 tempus

1046 4601 1270 4690 operationis,
1299 4619 1370 4706 non
1397 4599 1623 4690 subiecerunt
1648 4619 1688 4674 se
1705 4619 1868 4696 praecep·

1047 4727 1292 4802 mmmm

1100 4855 1163 4928 Via
1190 4856 1334 4947 quinta,
1364 4852 1460 4946 quod
1487 4853 1606 4926 uident
1631 4855 1866 4946 promptuaria

1047 4982 1239 5056 animarum
1267 4983 1422 5066 aliarum,
1444 4994 1533 5072 quae
1560 4977 1804 5080 custodiuntur
1822 4979 1865 5054 ab

1048 5109 1181 5201 angelis
1208 5109 1244 5182 in
1273 5109 1389 5202 quiete
1416 5109 1534 5182 muita.

1100 5237 1164 5310 Via
1199 5243 1323 5322 sexta,
1352 5237 1449 5328 quod
1475 5237 1595 5310 rident
1629 5235 1863 5330 supplicium,

1049 5353 1146 5456 quod
1171 5381 1216 5438 ex
1241 5362 1310 5436 boc
1336 5381 1431 5436 nuuc
1457 5369 1615 5453 paratum
1642 5368 1696 5436 eet
1721 5363 1785 5436 eis.

1100 5489 1163 5562 iiie
1181 5489 1339 5582 septima,
1355 5507 1444 5584 quae
1463 5487 1573 5580 maior
1586 5495 1640 5563 est
1657 5489 1781 5564 ceteris
1799 5491 1866 5566 riis

1047 5617 1243 5710 praedictis,
1264 5619 1360 5711 qood
1378 5618 1561 5692 tabescunt
1586 5618 1623 5692 in
1650 5617 1864 5700 contusione,

1048 5749 1083 5821 et
1101 5751 1354 5822 consumuntur
1371 5745 1407 5820 iu
1429 5743 1576 5838 pudore,
1596 5751 1632 5820 et
1649 5733 1879 5820 marcescunt&
