4594 6452
40 765 42 874 t

40 903 42 992 t

878 269 1080 338 -ttt-

125 425 235 516 μάτων,
258 421 351 499 οὔτως
372 417 591 512 ἐπιμίμνηνται
614 420 743 487 καὶτοῦ
767 417 934 510 θαυμασίου

124 539 253 621 Εὐσεβίου
275 545 331 601 τοῦ
354 534 516 624 Παμφίλου
539 533 721 624 Καισαρείας
735 543 791 610 της
815 537 934 600 Παλαι·

124 651 215 724 στίνης
237 646 412 716 ἐπισκόπου.
435 642 536 712 Ἀλλά
559 655 666 712 τοῦτον
689 645 743 738 μὲν
766 653 824 736 οθχ
855 641 935 739 εὗρον

126 773 149 828 σί
174 763 237 852 περί
262 760 404 843 Εῦσίβιον
430 759 483 826 τόν
513 749 736 848 Νικομηδείας,
760 755 845 825 ἀλλὰ
868 759 938 836 τοὺς

126 876 279 966 ὁμόφρονας
300 872 441 965 εὑρόντες,
466 871 655 963 Πατρόφιλον
677 871 730 938 τθν
753 870 938 938 Σκυθοπολί·

128 1011 195 1064 την,
216 987 268 1051 καὶ
291 987 345 1050 τὸν
369 976 488 1061 Δύδδης
510 981 648 1070 Ἀέτιον,
672 984 725 1050 καί
747 983 800 1050 τθν
823 975 937 1050 Λαοδι-

128 1099 199 1173 κείας
229 1091 400 1176 θεόδοτον,
423 1097 476 1162 καί
502 1095 571 1172 τοὺς
601 1096 712 1172 ἄλλους
742 1097 857 1172 όσους7
882 1107 939 1172 τῆς

130 1211 257 1294 ἀσεβείας
278 1207 393 1300 ’Δρείου
415 1203 495 1299 εύρον
519 1209 683 1286 κοικωνσύς,
706 1205 748 1285 οἷς
769 1201 938 1300 συμμίξαν-

129 1345 171 1398 τες
184 1325 234 1388 καὶ
248 1323 285 1386 τό
308 1325 382 1412 παρ’
395 1328 493 1388 αῦτῦν
516 1319 651 1412 πορευθὲν
674 1322 758 1388 κατὰ
773 1332 828 1388 τοῦ
852 1323 940 1414 ἀγίθυ

40 1497 41 1502 ,
133 1434 285 1500 Εῦσταθίου
315 1426 496 1512 κατάδηλον
527 1439 629 1508 αύτυῖς
657 1434 858 1512 ποιήσαντες,
889 1419 966 1500 σὺν

133 1553 223 1622 αὐτοῖς
242 1557 303 1612 τῶν
325 1543 539 1636 Ἱεροσολύμων
562 1537 698 1634 ἐξῄεσαν,
720 1547 774 1611 καί
795 1547 853 1618 τὴν
874 1543 943 1612 Ἀν-

40 1741 41 1752 2
133 1659 255 1750 τιόχου8
278 1657 346 1748 ἅμα
370 1663 472 1733 αὐτοῖς
498 1656 682 1741 κατίλαβον.
705 1653 806 1723 Ἀλλά
828 1657 865 1722 τό
888 1657 942 1748 μέν

134 1772 287 1862 πρόσχημα
310 1781 367 1846 τῆς
387 1780 448 1836 τῶν
480 1769 583 1837 ἄλλων
614 1753 777 1859 ἐπιδημίας
802 1769 942 1860 προπόμ-

40 1919 41 1926 1
134 1907 191 1984 τιος
211 1877 247 1954 ἦν
269 1875 361 1954 δῆθεν
378 1880 464 1972 τιμά,
479 1882 517 1947 τό
541 1875 576 1948 δέ
597 1883 672 1974 παρ’
688 1889 786 1948 αὐτῶν
809 1874 942 1949 σπουδα·

133 1989 243 2084 ζόμενον
265 2003 281 2060 ό
313 1994 398 2059 κατά
420 2004 477 2070 τῆς
499 1987 650 2070 εύσεόείας
671 2005 729 2070 της
755 2003 796 2072 είς
816 1995 943 2086 Χριστόν

134 2107 252 2196 πόλεμος
274 2101 322 2178 ἦν.
347 2106 472 2172 Γύναιον
499 2111 559 2198 γάρ
582 2106 729 2198 ἑταιρικόν
753 2109 873 2198 χρυσίου
896 2131 942 2198 με·

135 2218 316 2308 σθωοάρινοι,
336 2219 390 2282 καί
404 2218 462 2289 τὴν
485 2224 631 2309 γλῶτταν
654 2225 750 2295 αὐτῆς
771 2221 843 2310 μίαν
866 2219 944 2310 ὥραν

135 2323 224 2396 δοῦναι
254 2338 356 2406 αὐτοῖς
385 2333 564 2408 πείσαντες,
587 2323 733 2421 συνίδριόν
760 2355 796 2396 τε
819 2331 877 2412 ,σύν
899 2341 944 2412 τῷ

135 2441 248 2534 μεγάλῳ
278 2441 437 2524 Εύσταθίῳ
467 2441 535 2531 ἅμα
558 2451 621 2518 τοῖς
651 2442 703 2508 σὺν
734 2449 816 2527 αύτῷ
847 2445 944 2536 ἁγίοις

136 2549 606 2632 neminemneminer
621 2553 691 2630 τοὺς
714 2548 825 2632 ἄλλὸυς
841 2556 943 2624 ἅπαν-

136 2691 185 2742 τας
203 2659 257 2744 ίξω
278 2667 419 2759 γενέσθαι
442 2667 651 2754 κελεύσαντες,
663 2678 691 2732 nt
714 2655 803 2734 κατά
822 2679 877 2734 τοῦ
892 2675 942 2760 ἀρ-

137 2760 241 2868 χιὶρέως
267 2773 372 2870 δρᾶμα
402 2777 621 2856 συντεθεικότας
655 2778 785 2872 ἄγεσθαι
815 2789 854 2858 ὡς
882 2781 943 2846 τά-

137 2914 220 2979 χιστοι
244 2893 281 2958 τθ
312 2889 484 2982 τρισάθλιον
513 2893 634 2984 γύναιον
664 2900 704 2968 είς
730 2893 767 2958 τθ
796 2885 943 2986 συνίδρυον

137 3005 391 3092 παρακελεύονται.
416 3011 454 3068 ot
482 2997 517 3070 δὲ
539 3015 595 3080 της
624 3007 814 3096 παρανομίας
845 3012 958 3072 αὐτῶν

137 3117 262 3208 ὑπουργοί
283 3116 423 3208 ἄγουσιν
438 3123 537 3182 αὐτῶν
567 3116 658 3206 μίσον
684 3118 721 3183 τὸ
750 3119 879 3210 γύναιον.
901 3116 944 3184 '11

138 3223 167 3295 tt
193 3231 262 3302 ἔστη
292 3220 415 3296 παιδίον
435 3223 601 3320 ῦπομάζιον
624 3224 867 3310 ἐπιδεικνύουσα,
891 3231 944 3298 καί

138 3343 265 3433 λίγυυσα,
287 3349 323 3422 ἐκ
345 3353 403 3418 τῆς
424 3341 592 3408 Εῦσταθίου
614 3347 768 3420 συνουσίας
787 3353 879 3410 τοῦτο
894 3367 943 3408 ου-

137 3457 291 3544 νειληφέναι
322 3457 375 3520 καὶ
405 3455 574 3522 τετοκέναι.
605 3457 667 3522 Καὶ
701 3451 811 3528 ἀνέδην
840 3467 944 3523 ταῦτα

136 3567 247 3656 “W
270 3569 382 3650 βοῶσα.
408 3567 449 3634 Τὸ
472 3557 507 3636 δέ
529 3579 586 3644 τῆς
608 3571 809 3660 συκοφαντίας
830 3593 946 3661 προφα.

40 3711 41 3730 ι
136 3677 176 3754 νίς
193 3679 324 3771 ἐγνωκὼς
354 3687 371 3744 ό
402 3679 499 3771 μίγας
528 3680 709 3762 Εύστάθιος,
732 3685 760 3748 εί
779 3706 849 3748 τινα
880 3681 946 3774 ίχοι

40 3829 41 3840 1
136 3791 231 3856 τούτου
251 3794 426 3882 σινίστορα,
449 3791 534 3883 ἄγειν
561 3801 601 3870 εἰς
623 3793 660 3858 τὸ
682 3793 772 3884 μέσον
799 3793 960 3890 ἐκέλευεν.1

138 3903 256 3980 Ἐκιίνης
278 3897 314 3970 δέ
336 3895 455 3993 μηδένα
478 3905 559 3996 ίχειν
582 3905 738 3998 λεγούσης,
757 3909 841 3998 ὅρκον
865 3913 944 3994 αὐτῇ

137 4015 295 4104 προίτειναν
310 4027 352 4102 τῇ
376 4009 503 4108 ἐταιρίδι
525 4027 554 4084 ut
568 4018 626 4091 τὴν
649 4021 852 4110 συκοφαντίαν
866 4019 945 4109 ὑφῄ-

136 4132 261 4207 ναντεςθ,
276 4131 329 4194 καί
344 4153 392 4196 τοι
414 4140 470 4196 τοῦ
492 4137 698 4198 ἀποστολεκοῦ
721 4131 799 4198 θείου
822 4133 947 4210 κανόνος

138 4234 371 4332 διαγορεύοντος,
394 4241 437 4331 μὴ
462 4235 523 4309 δεῖν
545 4243 630 4310 κατά
657 4246 855 4336 πρεσβυτέρου
884 4271 945 4312 κα-

136 4357 266 4443 τηγορίσν
276 4346 508 4445 παραδίχεσθαι
523 4357 742 4448 παρεκτικτθνι
759 4349 812 4424 δύο
826 4357 846 4432 θ
860 4369 946 4450 τριῶν

136 4466 284 4556 μαρτύρων.
300 4464 403 4534 Ἀλλά
418 4478 484 4534 ’τῶν
507 4466 591 4534 θείων
614 4462 707 4546 οθτως
728 4469 824 4560 νόμων
847 4495 947 4538 κατα-

49 4594 56 4619 ’
136 4575 330 4664 φρῦνίσαντες,
354 4579 408 4644 καί
422 4579 480 4651 τὴν
503 4579 588 4646 κατά
603 4589 663 4646 τῦν
687 4593 882 4673 συκοφαντῶν
896 4605 944 4649 κε·

135 4687 260 4774 ιρφιίνην
282 4689 514 4780 ἀπόφασιντοῦ
537 4701 615 4758 Θεοῦ
638 4699 678 4768 εἰς
700 4691 784 4760 σὐθέν
815 4695 944 4787 λογισά-

135 4817 227 4884 μενοι,
247 4799 417 4892 άμάρπιρον
439 4801 524 4868 κατά
547 4797 652 4896 ἀνδρός
675 4805 820 4872 τοσούτου
843 4831 944 4880 κατη-

135 4911 229 5000 γορίαν
249 4905 301 4980 διά
323 4923 379 4980 τοῦ
401 4921 560 5006 ἐταιρικοῦ·
573 4919 696 5008 γυναίου
722 4909 869 5008 ἐξύφηναν
892 4922 945 4988 καί

134 5011 286 5105 ἐθίζοιντο,
308 5033 348 5102 ὡς
378 5019 524 5094 δικασταί
554 5022 727 5100 κατάδικοι.
750 5023 878 5106 Ἐπειδὴ
909 5024 945 5100 δέ

135 5135 183 5198 καί
211 5139 310 5226 όρκον,
341 5137 374 5204 θν
405 5141 492 5206 αὐτοὶ
522 5139 684 5222 ἐπίθοντο,
706 5141 744 5208 τό
773 5142 944 5235 τρισάθλιον

175 5335 318 5414 ’codex'
344 5346 360 5412 t
387 5361 431 5412 m.
455 5345 541 5423 ὅσον,
564 5347 585 5414 2
609 5363 652 5416 nt.
676 5346 758 5432 ὅσοι,
781 5345 882 5432 male,
906 5355 944 5418 ut

136 5455 231 5534 natet,
249 5455 437 5544 utrobique.
639 5453 644 5468 '

175 5559 262 5634 ⁸Sir
284 5567 403 5650 codex,
425 5573 464 5636 ut
487 5568 587 5638 etium
610 5569 842 5650 theodoritus.

176 5673 263 5746 ’sin
290 5677 497 5750 corennum
527 5676 602 5748 Ιοιυ
629 5681 837 5770 subscripto,
861 5683 951 5770 quod

140 5791 322 5878 ceteroquin
347 5791 501 5864 omittere
524 5792 621 5864 solet.
834 5875 840 5886 .

182 5899 195 5946 ¹
219 5899 399 5990 sternier,
418 5903 471 5976 rel
485 5905 697 5996 σαρασιιτὸι,
715 5909 951 5995 compendium

1024 419 1216 514 προστίθεικε
1238 422 1374 514 γύναιον,
1398 423 1500 506 βοῶσα
1522 422 1692 490 Εὐσταθίου
1715 419 1789 490 εἶναι
1812 424 1854 492 τὸ

1025 535 1164 629 γύναιον,
1186 543 1225 611 ῦς
1246 535 1331 601 κατά
1354 545 1463 627 μοιχοῦ
1484 535 1589 603 λοιπόν
1612 545 1640 602 nt
1662 535 1765 613 πάσης
1796 545 1846 602 trt-

1025 649 1193 742 σχρύτητος
1223 647 1349 738 ίμπλεοι
1372 649 1431 720 τὴν
1458 647 1556 740 ψῆφον
1589 641 1765 742 ἐξήνεγκαν.
1789 659 1854 716 Τῶν

1027 751 1062 826 δέ
1084 760 1186 826 ἄλλων
1209 759 1376 851 ἀρχιερέων·
1391 762 1502 826 πολλοὶ
1517 759 1576 854 γάρ
1599 757 1677 833 Ιθησαν
1693 772 1753 828 τῶν
1770 769 1848 828 εἰπο-

1026 879 1172 939 στολικῶν
1188 879 1238 938 σῦν
1253 871 1411 956 Εθσταθίφ
1426 881 1471 954 τῷ
1493 873 1621 964 μεγάλῳ
1640 881 1848 964 ὑπερμαχοῦν-

1026 1007 1078 1060 τες
1107 977 1290 1077 δογμάτων,
1315 992 1491 1076 ἀγνοοῦντες
1522 983 1651 1050 ἅπαντα
1679 983 1724 1050 τὀὶ
1753 1007 1851 1076 ‘turpen-

1028 1095 1129 1175 θάντα,
1144 1107 1300 1188 προφανῶς
1322 1096 1486 1189 ἀντέλεγον
1501 1107 1564 1172 τοῖς
1586 1095 1779 1187 παρανόμοις,
1794 1099 1848 1164 καί

1027 1207 1085 1279 τὴν
1108 1199 1213 1280 ἄδικον
1236 1205 1332 1297 ψῆφον
1356 1209 1470 1278 ἐκείνην
1492 1199 1639 1282 δέξασθαι
1653 1207 1706 1274 τόν
1729 1209 1851 1274 ἐπίσκο-

1028 1344 1086 1386 πον
1109 1318 1274 1386 Εῦστόιθιον
1298 1311 1466 1386 διεκώλυον.
1481 1329 1528 1394 ΙΟί
1552 1309 1587 1384 δὲ
1601 1319 1638 1384 τθ
1662 1310 1765 1409 δρῦμα
1780 1343 1850 1384 συν-

1028 1431 1206 1510 τεθεικότες,
1220 1432 1359 1523 τάχιστα
1375 1431 1447 1524 πρός
1460 1431 1513 1497 τόν
1530 1429 1660 1513 βασιλέα
1676 1422 1854 1520 ἀνέδραμον,

1029 1548 1188 1621 πείσαντες
1212 1544 1311 1623 αὐτόν,
1327 1553 1366 1620 ὼς
1385 1543 1487 1616 ἀληθῆ
1504 1541 1547 1608 τά
1571 1539 1728 1632 λεχθέντα
1748 1535 1854 1632 διερευ·

1029 1657 1163 1730 νηθέντα
1183 1657 1342 1748 εὕρηνται,
1364 1657 1417 1722 καί
1447 1647 1553 1722 δικαία
1583 1661 1684 1728 tin-ite
1714 1652 1853 1745 καθαιρό-

1031 1793 1104 1846 σεως
1126 1767 1240 1860 ψῦφος,
1263 1777 1301 1843 ὡς
1324 1767 1431 1858 μοιχόν
1452 1773 1529 1856 ὁμοῦ
1542 1755 1605 1832 ’καὶ
1627 1765 1768 1856 τύραννον
1790 1758 1852 1843 ἐξε-

1031 1881 1165 1956 λαθῆναι
1178 1891 1237 1947 τῶν
1261 1891 1340 1972 ἱερῶν
1363 1872 1538 1970 περιβόλων,
1553 1879 1606 1943 καί
1630 1885 1672 1954 εἰς
1687 1875 1855 1969 Ἰλλυρικὴν

1031 1994 1120 2062 πόλιν
1143 1989 1194 2060 διὰ
1216 2005 1273 2070 τῆς
1297 1993 1418 2083 Θράκης
1438 1983 1611 2082 ποββωτίρω
1640 1980 1739 2080 ἐξορίᾳ
1769 1998 1852 2057 ἀπα·

1031 2106 1144 2200 χθῆναι
1173 2098 1436 2197 παρασκευάζουσι
1458 2104 1511 2170 τόν
1533 2114 1590 2180 τῆς
1620 2104 1772 2186 εὐσεβείας
1802 2107 1856 2170 καὶ

1031 2218 1217 2310 σωφροσύνης
1246 2216 1425 2309 ἀγωνιστήν.
1448 2213 1570 2282 Ἀλλ’θ
1600 2213 1655 2305 μίν
1685 2225 1745 2282 τῶν
1777 2223 1853 2282 ἀπσ-

1031 2335 1178 2398 στυλικῶν
1209 2323 1373 2421 δογμάτων
1403 2327 1567 2418 πολέμιος,
1597 2329 1650 2392 καὶ
1680 2326 1738 2404 τάς
1767 2329 1852 2394 κατὰ

1031 2453 1091 2508 τῶν
1113 2452 1170 2517 της
1193 2440 1325 2516 ἀληθοῦς
1346 2441 1475 2516 πίστεως
1496 2439 1630 2532 κηρύκων
1652 2443 1855 2531 συκοφαντίας

1032 2547 1269 2646 δραματουργεϊν
1292 2552 1511 2643 ἐπιστάμενος,
1534 2559 1550 2618 ό
1573 2562 1630 2628 τῆς
1651 2545 1856 2643 Νικομηδείας

1032 2659 1172 2742 Είισίόιος
1187 2666 1254 2757 άμα
1271 2669 1403 2758 Θεογνίῳ
1413 2675 1453 2752 τῇ
1471 2665 1770 2732 Κωνσταντινουπόλι
1785 2671 1857 2732 ἐπε-

1032 2770 1191 2869 χωρίαζον,
1213 2773 1294 2868 εἶχον
1318 2769 1362 2854 δὲ,
1378 2775 1523 2852 ἐάσαντες
1545 2782 1576 2842 ὲν
1598 2773 1771 2869 Ἀντιοχείᾳ
1786 2787 1856 2853 τοὺς

1032 2899 1089 2965 σῦς
1118 2891 1230 2965 οίκείας
1252 2888 1420 2980 μοχθηρίας
1449 2887 1623 2985 κοινοννοθς,
1646 2887 1678 2954 tv
1710 2891 1778 2956 ἀντί
1800 2900 1855 2956 τοῦ

1033 3001 1112 3070 θείου
1135 2999 1302 3068 Εὺσταθίου
1322 3010 1549 3092 χειροτονοῦσιν,
1568 2986 1725 3068 Εθλάλιον.
1743 3003 1857 3070 Τούτου

1034 3106 1070 3180 δέ
1090 3117 1195 3206 ὀλίγου
1218 3117 1286 3182 λίαν
1315 3113 1532 3204 ἐπιβιύοαντος
1554 3113 1679 3204 χρόνον,
1702 3117 1856 3208 Εθφρόνιον

1033 3226 1102 3294 τινά
1125 3228 1342 3318 προεβάλοντο.
1365 3229 1429 3294 Καί
1450 3227 1559 3292 τούτου
1583 3220 1617 3292 δέ
1640 3227 1780 3320 τάχιστα
1801 3254 1856 3296 τε-

1033 3340 1255 3420 λευτησαντος,
1278 3340 1413 3406 ἐνιαυτόν
1436 3341 1495 3432 γάρ
1519 3339 1581 3406 ἕνα
1595 3341 1648 3406 καὶ
1670 3351 1769 3431 μῆνας
1790 3345 1857 3410 θλί-

1034 3479 1106 3548 γους
1127 3454 1209 3546 μετά
1222 3456 1280 3525 τὴν
1304 3455 1487 3546 χειροτονίαν
1511 3455 1625 3536 ἐβίωσε,
1642 3457 1787 3552 Φλακίτῳ
1801 3467 1858 3534 τῆς

1034 3569 1199 3643 ἐκκλησίας
1221 3567 1334 3642 ἐκείνης
1356 3565 1414 3638 τὴν
1436 3557 1593 3658 προεδρίαν
1610 3556 1735 3639 δοθῆναι
1757 3593 1858 3661 παρα·
1886 3601 1893 3614 ·

1034 3671 1219 3756 σκευάζουσι.
1244 3678 1360 3755 Πάντες
1383 3671 1418 3746 δέ
1440 3673 1522 3744 οὗτοι
1545 3681 1651 3769 ὁμοίιος
1669 3679 1727 3748 τὴν
1742 3679 1856 3774 Ἀρείου

1034 3790 1176 3874 άσέβειαν
1199 3785 1280 3882 εἶχον
1307 3791 1557 3882 ἐγκεκρυμμένον·
1579 3791 1647 3858 όθεν
1671 3791 1805 3872 ἅπαντες
1826 3806 1856 3864 οἱ

1002 3881 1011 3902 x
1033 3913 1090 3978 τῆς
1111 3901 1199 3994 ὀρθῆς
1214 3904 1268 3968 καί
1283 3897 1444 3980 sterion*
1468 3905 1704 3994 ἀντιποιούμενοι
1719 3907 1858 3986 πίστεως,

1033 4019 1064 4084 οἵ
1090 4039 1127 4082 τε
1149 4025 1208 4080 τῶν
1236 4015 1395 4106 ίερωμίνων
1425 4018 1560 4082 καὶτῶν
1583 4025 1638 4082 τοῦ
1668 4020 1765 4097 λαοῦ,
1788 4017 1857 4094 τοὺς

1032 4129 1301 4205 ἐκκλησιαστικοὺς
1331 4130 1556 4206 καταλιπόντες
1589 4131 1773 4224 συλλόγους,
1796 4156 1857 4209 κα-,

1032 4241 1061 4309 θ’
1077 4243 1201 4318 ἐαυτοθς
1223 4235 1457 4333 συνηθροίζοντο.
1481 4241 1702 4322 Εῦσταθιεινοός
1725 4237 1759 4312 δέ
1781 4239 1855 4312 τούὲ

1032 4377 1102 4430 τους
1116 4346 1272 4444 ὠνόμαζον
1285 4354 1407 4432 πάντες.
1424 4347 1554 4428 Ἐπειδὴ
1570 4357 1652 4446 μετά
1666 4357 1724 4430 τὴν
1746 4361 1857 4426 ἐκείνου

1033 4465 1219 4538 συνέστησαν
1234 4457 1368 4545 ἐξοδονί,
1389 4467 1427 4534 τό
1450 4468 1555 4556 μέντοι
1570 4468 1741 4560 τρισάθλιον
1763 4477 1857 4538 ἐκείνσ

1033 4578 1154 4670 γύναιον
1177 4579 1254 4662 νόσω
1276 4579 1487 4670 καλεπωτάτη
1512 4585 1564 4650 καί
1584 4584 1771 4675 μακροτάτη
1802 4605 1854 4674 με·

1032 4691 1066 4756 τ’
1079 4699 1113 4760 οῦ
1135 4693 1215 4760 πολὺ
1237 4693 1413 4784 περιπεσόν,
1436 4687 1560 4786 ἐξέφηνε
1581 4697 1640 4768 τλν
1670 4698 1855 4781 ἐπιβουλὴν,

1033 4805 1088 4872 καὶ
1103 4806 1160 4878 τλν
1183 4807 1387 4898 συκοφαντίαν
1409 4808 1586 4899 ἐγύμνωσεν,
1601 4815 1635 4874 οῦ
1658 4799 1712 4874 δύο
1734 4805 1857 4902 θτρῦς,

1035 4918 1121 4984 ἀλλά
1136 4919 1276 4995 ,πολλοὺς
1297 4929 1357 4986 τῶν
1381 4919 1477 5012 νερίων
1499 4922 1780 5012 προσκαλεσαμίνη,
1805 4923 1859 4988 καί

1032 5029 1075 5096 τά
1098 5029 1278 5122 πιρτυθίντα
1300 5031 1385 5124 παρὰ
1408 5043 1466 5109 τῆς
1500 5031 1679 5124 θαυμαστάς
1702 5044 1762 5100 τῶν
1785 5043 1856 5102 ἀει·

1037 5143 1096 5227 βῶν
1118 5145 1281 5234 συμμορίας
1299 5135 1463 5222 διδάξασα.
1479 5143 1561 5238 Ἔφη
1577 5145 1636 5238 γάρ
1652 5149 1702 5214 ἐπί
1718 5147 1859 5239 χρήμασι
1883 5131 1889 5144 ’

1036 5331 1125 5418 οὐίοι
1147 5353 1325 5434 utrumque
1348 5348 1434 5435 tert,
1458 5351 1702 5442 promerente.
1726 5355 1857 5440 Lucus,

955 5501 966 5518 ·
1036 5475 1136 5546 quem
1160 5458 1277 5541 innuit,
1302 5467 1355 5530 est
1381 5465 1397 5532 t
1424 5461 1505 5534 Tim.
1530 5465 1569 5548 V,
1595 5465 1649 5534 te.

1082 5570 1097 5617 ¹
1120 5571 1172 5635 καὶ
1187 5564 1324 5648 εοσιόοῦι
1340 5572 1373 5642 in
1388 5575 1536 5662 margine
1551 5577 1727 5664 suppletur
1751 5579 1859 5664 priua

1040 5701 1365 5883 mznsshenttoritus,
1389 5801 1421 5884 1,
1445 5821 1521 5874 uu.
1552 5803 1757 5890 ltieeninrus
1782 5807 1857 5877 cn-
1906 5814 1911 5826 ‘

1041 5910 1149 5996 fietus,
1172 5911 1255 5996 vili,
1278 5927 1345 5978 ειν.
