4690 6406
663 433 751 520 perit
773 433 982 508 audientibus
1005 455 1065 508 au·

662 575 731 640 tem
753 569 835 640 haee
858 571 984 642 addidit
1007 573 1097 646 diee-

524 769 530 778 .
660 725 697 780 re
718 709 970 780 similitudinem
994 729 1075 800 quo·

660 845 749 916 niam
772 853 862 916 esset
885 864 991 934 prope
1014 849 1087 920 hie·

659 983 805 1053 rusaiem
829 991 863 1052 et
886 985 964 1070 quia
985 991 1084 1070 puta·

659 1125 735 1187 rent
759 1117 934 1188 confestim
957 1135 1034 1204 reg-

651 1269 731 1321 num
753 1253 807 1324 dei
831 1253 992 1324 declarari

410 1489 420 1513 l
458 1393 497 1454 12
634 1389 689 1458 Ait
712 1407 792 1476 ergo
816 1390 918 1460 homo
943 1391 1077 1478 quidam

656 1525 778 1595 nobilis
802 1525 882 1596 abiit
904 1527 938 1598 in
962 1529 1072 1616 regio-

657 1677 735 1730 nem
757 1661 971 1748 longinquam

655 1796 805 1882 arripere
828 1813 969 1883 regnum
992 1803 1026 1866 et

654 1934 779 2004 reuerti

631 2070 762 2140 Uooatis
786 2076 898 2140 antem
923 2089 968 2140 m·
994 2088 1064 2142 ser-

652 2205 706 2275 uis
730 2206 800 2275 suis
823 2206 1003 2277 dedititiis
1027 2208 1083 2278 ds·

654 2359 728 2412 sem
750 2359 846 2412 mnas
870 2350 904 2412 ot
927 2343 1011 2414 dixit

654 2477 695 2545 ad
719 2493 779 2546 eos
801 2477 1014 2564 negotiamini

654 2613 735 2682 dum
757 2614 857 2684 uenio
882 2614 973 2683 niues
1001 2633 1061 2684 au·
1107 2591 1114 2604 ’

653 2755 721 2818 tem
744 2747 817 2817 eius
839 2748 978 2820 oderant
1001 2767 1078 2820 eum

655 2891 688 2954 et
711 2884 875 2953 miserunt
897 2887 1036 2972 legatio-

654 3037 732 3090 nem
755 3021 948 3107 postitium
971 3021 1082 3094 dioen-

655 3163 706 3226 tes
730 3158 887 3228 uolumus
910 3157 1000 3228 huno

655 3311 794 3380 regnare
818 3293 914 3364 uobis
938 3301 972 3364 et
996 3293 1060 3364 iao·

655 3435 727 3500 tum
751 3436 802 3500 est
825 3437 863 3499 ut
886 3429 1010 3500 rediret
1033 3447 1088 3499 ao·
1194 3461 1197 3468 ·

422 3550 427 3559 ’
653 3567 758 3652 cepto
782 3581 886 3652 reguo
909 3564 1007 3634 iussit
1029 3583 1089 3633 uo

654 3701 720 3770 cari
744 3717 862 3770 seruos
886 3701 1007 3788 quibus
1031 3701 1090 3770 de-

655 3823 703 3916 dit
727 3838 900 3924 pecuniam
923 3843 961 3906 ut
985 3837 1085 3906 seirat

654 3971 728 4058 quis
752 3970 831 4057 quid
854 3971 1042 4056 negotiatus

655 4114 746 4176 esset
767 4106 861 4177 uenit
884 4123 965 4194 ergo
988 4107 1115 4194 primus

653 4243 767 4314 dicens
791 4243 924 4312 domine
947 4259 1024 4314 mna
1047 4251 1104 4312 tua
1188 4325 1198 4346 ·

653 4379 769 4448 decem
792 4377 872 4448 alias
895 4377 1075 4465 adquisimt

655 4521 689 4584 et
711 4515 757 4584 ait
779 4514 826 4582 iili
850 4530 934 4598 euge
957 4513 1046 4584 bone
1070 4531 1141 4584 ser-

655 4669 698 4722 uo
721 4652 756 4720 iu
778 4650 912 4720 modioo
935 4649 1043 4720 fidelis

652 4788 745 4858 iuisti
766 4795 839 4858 esto
860 4795 1059 4876 potestatem

627 4901 778 4993 'habens
802 4941 903 5010 supra
926 4925 1039 4994 deeem

655 5059 806 5130 ciuitates
829 5066 864 5128 et
886 5058 978 5128 uenit
999 5058 1061 5126 uti-

653 5212 694 5264 us
717 5193 832 5264 disens
855 5191 989 5261 domiue
1012 5209 1089 5262 mna

525 5299 531 5314 ⁶
654 5337 709 5401 tua
732 5329 809 5399 ieeit
833 5327 979 5416 quinquo
1001 5345 1096 5397 muas

654 5477 688 5540 et
710 5469 788 5539 huie
811 5469 857 5539 ait
880 5475 914 5538 et
937 5475 974 5538 tu
999 5475 1072 5567 esto

654 5623 754 5692 supra
778 5605 922 5691 quinque
946 5605 1062 5674 ciuita-

653 5747 705 5810 tes
728 5747 763 5808 et
785 5741 868 5812 alius
893 5739 1029 5809 intrauit
1102 5769 1104 5772 ·

653 5875 767 5946 diceus
791 5875 925 5946 domine
948 5891 1025 5945 ecoe
1048 5889 1123 5942 mna

1578 449 1635 511 tua
1657 455 1757 528 quam
1780 439 1880 512 nahui
1903 457 2004 528 repo-

1578 579 1675 648 sitam
1699 578 1733 646 iu
1757 577 1892 648 sudario
1916 575 1993 663 quia

1578 715 1734 786 timebam
1759 720 1792 784 te
1815 713 1974 802 quoniam

1576 853 1678 922 homo
1702 859 1855 923 austerus
1880 869 1917 922 es
1940 852 2004 921 tol-

1441 973 1472 1010 ·’
1575 987 1617 1058 iis
1640 989 1731 1074 guod
1754 1005 1822 1058 non
1846 987 1990 1074 posuisti

1574 1131 1608 1192 et
1630 1130 1737 1192 metes
1761 1124 1852 1210 qurod
1876 1139 1945 1192 non

1575 1257 1745 1326 seminasti
1769 1257 1814 1326 ait
1836 1257 1885 1328 ilii
1908 1275 1952 1328 ex
1973 1277 2012 1328 o-

1575 1409 1611 1462 re
1635 1401 1694 1464 tuo
1717 1399 1751 1462 te
1773 1393 1884 1462 iudico
1909 1393 2011 1464 homo

1362 1519 1520 1617 giso.
1568 1528 1698 1598 sciebas
1722 1528 1799 1616 quia
1824 1547 1887 1615 ego
1915 1547 1991 1599 aus·

1361 4653 1405 4718 28

1573 1665 1653 1736 teris
1678 1683 1753 1734 sum
1776 1665 1860 1736 tolio
1885 1665 1976 1752 guod

1574 1817 1642 1869 nou
1667 1799 1766 1886 posui
1789 1805 1823 1869 et
1846 1808 1938 1870 meto

1574 1937 1632 2007 ubi
1656 1953 1724 2006 uon
1747 1937 1911 2008 seminani

1576 2081 1610 2143 et
1633 2091 1735 2160 quare
1760 2090 1829 2142 uon
1845 2072 1968 2142 dedisti

1572 2209 1747 2295 pecuniam
1770 2225 1879 2278 meam
1902 2208 1946 2277 ad

1572 2357 1724 2412 mensam
1747 2348 1781 2411 et
1804 2357 1867 2427 ego
1891 2341 1985 2412 ueni-

1572 2495 1633 2548 ens
1655 2478 1771 2565 utique
1794 2493 1871 2546 eum
1894 2493 1974 2548 usu·

1572 2632 1609 2684 ra
1633 2614 1811 2700 exigissem
1834 2621 1869 2684 et
1891 2613 1949 2683 ad-

1572 2750 1737 2821 stantibus
1760 2750 1805 2820 ait
1827 2749 1938 2818 auier·
1963 2761 1972 2770 ·

1571 2891 1605 2954 to
1626 2887 1668 2954 ab
1692 2901 1734 2954 eo
1758 2891 1792 2952 et
1816 2884 1891 2952 date
1914 2883 1962 2952 iiii
1978 2883 2034 2970 qui
2058 2882 2117 2951 de-

1571 3037 1645 3090 eem
1665 3039 1762 3092 mnas
1785 3005 1884 3090 habet
1907 3025 1941 3089 et
1964 3019 2012 3088 di-

1573 3162 1694 3226 xerunt
1720 3155 1751 3225 ei
1775 3155 1909 3226 domine
1933 3153 2032 3224 habet

1571 3293 1687 3362 desem
1710 3292 1820 3379 mn(os
1842 3294 1928 3362 dico?
1948 3313 2006 3376 go-

1570 3429 1623 3498 nis
1647 3429 1737 3498 omni
1761 3428 1902 3515 inormi
1924 3429 1984 3497 do·

1570 3564 1662 3634 bitur
1684 3563 1725 3632 ab
1749 3580 1791 3632 eo
1814 3563 1931 3648 a(otem
1953 3561 2008 3648 grai

1491 3695 2019 3804 ‘mmmmm

1568 3837 1626 3904 bet
1649 3837 1817 3906 auferetur
1841 3835 1915 3921 (odi
1936 3839 1993 3902 eo?
2015 3853 2067 3901 oe

1568 3973 1755 4041 rumtauien
1779 3971 1937 4058 intimiora
1964 4027 1968 4035 .
2042 4059 2047 4068 ¹

1566 4123 1660 4175 meos
1683 4106 1759 4174 iilos
1782 4107 1839 4192 qui
1862 4107 1989 4193 nodos-

1567 4249 1646 4311 runt
1668 4261 1722 4312 me
1745 4259 1885 4327 regnare
1908 4244 1975 4329 s(o

1566 4395 1627 4465 per
1650 4395 1687 4446 se
1710 4377 1865 4448 adducite
1888 4379 1953 4447 hoo

1565 4521 1599 4582 et
1623 4513 1764 4582 occidite
1788 4518 1865 4581 ante
1888 4529 1942 4580 me

1565 4656 1599 4718 et
1623 4665 1699 4718 oum
1723 4647 1861 4716 dixisset
1884 4645 1965 4714 haee

1565 4783 1634 4853 abit
1657 4783 1689 4850 in
1714 4781 1936 4867 hierosolyma

1362 4921 1406 4988 29
1544 4921 1586 4987 Et
1606 4917 1730 4987 iactum
1753 4923 1805 4986 est
1829 4933 1906 4986 oum
1929 4915 1985 4985 ad-

1361 5079 1388 5124 r.
1406 5057 1432 5123 b.

1565 5056 1753 5142 propriaret
1776 5055 1941 5141 betphage

1566 5198 1601 5260 et
1622 5189 1777 5260 bethania
1801 5195 1834 5258 et
1858 5189 1900 5258 ad
1922 5205 2019 5256 mon-

1564 5335 1633 5396 tem
1657 5327 1712 5412 qui
1736 5331 1877 5394 uocatur
1900 5323 1964 5393 oii-
1992 5294 1999 5310 x

1564 5469 1680 5531 uotum
1703 5461 1794 5530 misit
1817 5459 1885 5528 duo
1909 5457 1952 5528 de

1565 5595 1768 5666 discentibus
1793 5595 1907 5665 disens

1564 5734 1610 5802 ite
1632 5733 1667 5800 in
1683 5733 1856 5802 castellum
1881 5730 1971 5818 quod

1564 5877 1679 5939 oontm
1702 5875 1754 5938 est
1777 5867 1834 5936 ubi
1849 5865 1962 5976 ¹intro-
