4594 6452
1229 241 1415 314 ..78-

456 399 597 470 currem
632 392 765 467 borae·
793 391 903 484 magis
936 399 1041 484 guam
1074 391 1155 466 illae
1187 407 1278 484 gnae

454 521 730 614 praeterierunt,
759 526 794 594 ot
819 519 1057 611 praeteribunt
1082 519 1165 592 anni
1191 519 1280 593 cole·

456 651 531 724 rins
551 667 656 741 qnam
682 655 900 740 praesentas.
927 647 1071 740 Propter
1088 647 1156 722 boc
1182 665 1278 722 nunc

454 777 580 852 sustuli
598 777 694 858 Sion,
715 781 753 848 nt
766 775 877 866 magis
895 773 1095 848 festinarem
1113 780 1148 847 et
1164 775 1279 848 risita-

453 921 529 978 rem
556 903 728 978 mnndum
747 903 784 974 in
802 909 960 993 tempore
977 919 1054 974 suo.
1074 903 1173 976 Nunc
1192 919 1276 992 ergo

453 1039 534 1104 tene
561 1032 598 1102 in
624 1030 731 1104 corde
758 1035 818 1101 tuo
856 1029 1104 1120 quodcumque
1140 1029 1275 1118 praeci·

453 1160 512 1252 pio
539 1159 626 1242 tibi,
656 1162 690 1231 et
721 1155 869 1248 obsigna
896 1173 936 1229 ea
963 1157 1000 1230 in
1035 1155 1275 1246 penetralibus

453 1285 580 1360 mentis
600 1291 690 1356 tuae.
711 1283 752 1356 lit
778 1290 861 1357 tnnc
889 1283 1072 1356 ostendam
1100 1283 1161 1358 tibi
1184 1283 1276 1375 julli·

454 1413 548 1486 cium
575 1413 711 1486 virtutis
739 1428 838 1484 meae
865 1417 900 1483 et
926 1411 1000 1482 rias
1019 1427 1115 1484 meas
1135 1411 1277 1484 inresti-

454 1537 598 1630 gabiles.
613 1537 709 1620 Valle
728 1539 834 1630 igitur
851 1545 888 1612 et
903 1536 1121 1611 sanctificare
1139 1543 1275 1630 septem

455 1667 734 1759 crebramque
761 1665 846 1739 edas
873 1683 1011 1758 panem,
1031 1681 1149 1756 neque
1174 1663 1276 1738 bibas

455 1809 592 1884 aguam,
616 1810 733 1885 neque
759 1793 914 1884 loquaris
943 1793 1056 1866 aliem.
1085 1793 1128 1865 llt
1153 1799 1276 1883 postea

454 1922 535 1994 reni
561 1919 606 1992 ad
623 1923 739 1994 locum
757 1923 874 2004 istum,
896 1927 930 1994 et
948 1921 1129 1994 revelabor
1147 1921 1222 2005 tibi,
1243 1925 1278 1995 et

454 2066 535 2122 vera
553 2049 678 2140 loquar
698 2055 825 2131 tecmn,
845 2055 881 2120 ct
905 2048 1115 2140 praecipiam
1142 2047 1206 2121 tibi
1233 2048 1278 2122 de

455 2177 588 2249 mione
614 2181 824 2268 tempomm.
844 2175 994 2249 Venient
1020 2175 1115 2248 enim
1143 2181 1178 2250 et
1205 2192 1278 2248 non

456 2301 653 2377 tardabunt.

594 2571 714 2627 omli)
741 2573 873 2627 Btuuutt
901 2571 979 2626 mall
1004 2573 1137 2628 REM.

509 2807 572 2878 2l.
586 2805 630 2878 llt
647 2805 717 2880 abii
734 2805 819 2879 inde
833 2811 869 2878 et
885 2804 963 2878 sedi
981 2806 1018 2878 in
1035 2805 1124 2878 vmlc
1136 2805 1277 2880 Gauron

455 2937 493 3008 in
510 2952 658 3009 caverna
683 2942 809 3018 terrae,
829 2939 865 3007 ct
889 2933 1100 3008 sanctificari
1123 2935 1273 3010 mimam

455 3081 568 3136 meam
577 3063 638 3147 ibi,
651 3061 1278 3154 etpanemnoncomodimeqncesu·

455 3190 531 3274 riri,
547 3196 582 3264 et
598 3207 723 3282 aquam
736 3207 809 3262 non
826 3189 911 3273 bibi,
927 3207 1043 3280 neque
1057 3189 1161 3272 sitiri,
1178 3193 1213 3263 et
1226 3190 1276 3262 ini

453 3315 503 3390 ibi
512 3335 627 3408 nsque
636 3316 680 3388 ad
690 3315 783 3389 diem
793 3315 991 3406 septimum,
1003 3321 1043 3388 ut
1050 3323 1277 3407 praeceperat

453 3444 550 3519 mibi.
566 3445 608 3516 ltt
624 3449 745 3535 postca
762 3444 843 3516 veni
862 3441 907 3514 ad
922 3443 1040 3516 locum
1055 3443 1117 3517 nbi
1134 3445 1275 3518 locutos

453 3574 563 3646 iuerat
590 3591 739 3646 mecum.
758 3573 801 3644 Et
827 3572 891 3644 luit
908 3571 954 3644 atl
980 3589 1143 3644 occasum
1162 3573 1273 3656 solis,

455 3703 547 3792 cepit
573 3701 686 3774 anima
722 3717 801 3773 mea
827 3699 1072 3790 cogitationem
1104 3701 1272 3785 multam,

455 3833 489 3902 et
506 3829 621 3918 incepi
639 3827 735 3918 loqui
754 3845 870 3900 coram
888 3827 983 3900 Furti
1001 3834 1037 3900 ct
1055 3827 1148 3900 dixi:
1167 3828 1196 3901 0
1212 3831 1273 3920 qul

453 3953 563 4027 iecisti
589 3961 726 4036 terram,
755 3951 837 4025 audi
864 3970 933 4035 me,
954 3955 1015 4044 gul
1042 3956 1192 4028 statuisti
1218 3955 1275 4028 iir-

452 4085 665 4152 mamcntum
690 4080 728 4152 in
754 4079 993 4170 plenitudine·
1011 4099 1087 4166 sua,
1107 4089 1142 4155 ct
1159 4083 1272 4156 altitu·

453 4205 570 4280 dinem
588 4209 674 4280 caeli
699 4206 845 4281 tlrmasti
872 4209 909 4280 in
935 4207 1071 4298 spiritu,
1091 4211 1153 4302 qm
1171 4229 1272 4284 voca·

452 4337 497 4408 sti
528 4335 572 4408 ab
598 4337 698 4409 initio
726 4335 848 4408 mnndi
875 4335 972 4426 quod
998 4335 1155 4410 uorrdnm
1183 4343 1272 4421 erat,

452 4471 487 4538 ot
513 4464 682 4538 obediunt
708 4465 787 4538 tibi:
814 4473 853 4539 tn
880 4465 941 4556 qni
968 4467 1039 4537 aeri
1066 4467 1273 4558 praecepisti

451 4597 539 4666 nutu
564 4598 636 4674 tuo,
656 4599 691 4666 ct
708 4610 798 4684 qnae
812 4593 928 4665 lutura
946 4598 1029 4666 sunt
1045 4593 1161 4667 vidisti
1182 4596 1274 4670 sicut

452 4739 492 4795 ea
519 4739 608 4813 guae
635 4721 744 4804 tacis,
774 4722 836 4812 gni
863 4719 1007 4794 virtutos
1035 4727 1186 4796 astantm
1214 4741 1272 4796 co·

313 4868 317 4876 ·
452 4867 526 4922 ram
546 4855 580 4923 te
607 4850 645 4922 in
672 4849 880 4941 cogitatione
899 4867 1022 4942 magna
1042 4851 1145 4941 regis,
1164 4858 1201 4924 et
1227 4851 1275 4924 ri·

302 4987 305 4994 ’
452 4977 566 5049 ventla
593 4983 723 5062 cancta,
743 4995 893 5069 quorum
920 4985 1066 5051 nonest
1092 4969 1271 5062 nnmcma

450 5121 540 5196 quae
558 5103 670 5178 iecisti
697 5121 717 5176 a
744 5105 896 5189 saeculo,
916 5105 1075 5178 flammae
1093 5111 1128 5178 et
1144 5105 1236 5196 ignis
1247 5110 1271 5188 ·,

450 5249 540 5322 quae
567 5237 659 5304 stam
684 5233 721 5304 in
748 5232 894 5306 circuitu
911 5229 1027 5304 throni
1042 5231 1103 5314 tui,
1132 5231 1169 5303 in
1186 5229 1276 5304 indi·

449 5361 611 5452 gnatione
628 5361 737 5451 regis:
764 5358 829 5442 tibi
845 5360 907 5432 uni
926 5359 993 5432 boo
1020 5363 1084 5442 est,
1105 5363 1144 5432 ut
1169 5357 1274 5433 iacias

450 5487 566 5559 statim
594 5504 697 5560 omne
725 5485 821 5577 quod
848 5486 1022 5560 volueris:
1052 5485 1115 5578 qni
1142 5486 1179 5558 in
1206 5503 1273 5559 nu·

452 5631 550 5686 mero
579 5618 692 5704 guttas
717 5613 854 5704 pluviae
881 5631 988 5720 super
1013 5620 1141 5687 terram
1159 5613 1272 5705 pinis;

453 5748 488 5815 et
514 5741 619 5814 finem
647 5746 863 5831 temporum,
892 5741 1270 5834 announcement,

1369 397 1407 464 tn
1432 387 1529 462 solus
1555 387 1660 472 nosti,
1684 387 1829 463 intendo
1851 389 1888 462 in
1906 388 2199 480 deprecationem

1369 535 1494 592 mcum.
1524 517 1576 590 'lu
1601 517 1696 590 enim
1722 517 1820 591 solus
1856 523 1958 609 poteo
1993 523 2197 592 sustentare

1366 662 1489 718 omnes
1516 643 1697 734 quisunt
1726 650 1761 718 et
1787 661 1850 718 eos
1878 644 1941 734 qui
1966 651 2196 734 praetercunt

1367 777 1401 848 ct
1417 789 1481 846 eos
1499 773 1560 863 qui
1586 772 1692 846 inturi
1711 778 1806 855 sunt,
1819 789 1891 844 eos
1909 773 1971 862 gni
1989 781 2141 864 peccam
2159 779 2195 846 et

1365 914 1428 972 eos
1455 899 1516 988 qni
1539 897 1793 988 justificantur,
1822 899 1914 1008 sicut
1939 901 2062 974 virens
2090 902 2193 974 inre·

1365 1025 1554 1116 stigabilis;
1582 1031 1621 1098 tn
1647 1026 1742 1098 enim
1768 1025 1867 1100 solus
1893 1043 1933 1100 es
1958 1027 2083 1102 virens
2123 1030 2191 1102 im·

1364 1153 1519 1226 mortalis
1534 1161 1568 1226 ot
1585 1153 1848 1244 investigabilis,
1868 1161 1905 1228 et
1921 1172 2110 1228 nnmerum
2130 1153 2194 1227 bo

1364 1279 1498 1354 minum
1517 1280 1620 1352 nosti
1639 1279 1681 1352 Et
1702 1261 1734 1353 si
1753 1281 1791 1352 iu
1816 1287 1973 1372 tompore
1992 1282 2093 1354 multi
2112 1299 2193 1372 pcc·

1365 1411 1539 1490 cavarunt,
1568 1409 1671 1480 etiam
1699 1407 1756 1480 alii
1783 1425 1856 1480 non
1882 1409 1986 1496 pauci
2009 1406 2193 1497 jmttncati

1328 1539 1456 1608 -snnt
1475 1534 1529 1608 'ln
1546 1535 1639 1608 nosti
1666 1533 1728 1608 nbi
1755 1549 1874 1608 serres
1901 1540 2099 1608 extremum
2128 1552 2192 1608 eo-
2286 1635 2287 1638 Ν

1363 1679 1441 1734 rum
1469 1664 1531 1753 qni
1555 1666 1812 1752 puerascunt,
1841 1667 1901 1732 aut
1926 1661 2033 1734 linem
2061 1677 2190 1734 eorum

1363 1789 1424 1880 qni
1447 1787 1623 1878 justificati
1648 1793 1741 1860 sunt.
1763 1787 1801 1859 Si
1822 1787 1916 1861 enim
1935 1786 2023 1860 haec
2054 1793 2192 1860 tautum

1362 1917 1430 1990 rita
1457 1912 1562 2000 osset,
1581 1932 1672 2006 quae
1698 1914 1756 1988 bic
1782 1921 1838 1988 cst
1855 1915 1951 1988 omni
1968 1915 2117 1999 bomini,
2139 1917 2193 1988 ni·

1361 2043 1411 2116 bil
1429 2049 1523 2116 osset
1540 2043 1692 2116 amarius
1710 2041 1790 2114 boc.
1819 2041 1911 2128 Quid
1928 2043 2023 2116 onim
2041 2043 2191 2134 prodest

1360 2173 1470 2246 virtus
1498 2189 1588 2264 qnae
1615 2171 1653 2244 in
1680 2171 1914 2246 infirmitatem
1943 2173 2186 2254 convertitur,

1361 2307 1420 2376 aut
1433 2300 1633 2376 alimentum
1648 2299 1850 2382 saturitatis,
1866 2317 1957 2392 quae
1971 2301 2189 2374 convertitur
2287 2279 2288 2284 Ν

1360 2427 1399 2500 in
1415 2427 1554 2510 tamem
1575 2431 1634 2500 ant
1659 2425 1857 2517 pulcritudo
1882 2445 1972 2518 qnae
1990 2425 2123 2502 ᾱοὶοᾱο
2151 2426 2189 2500 lit

1361 2553 1528 2628 ootbtlisr
1554 2555 1701 2648 Semper
1731 2557 1824 2630 enim
1851 2561 1974 2630 natura
2000 2553 2187 2629 bominum

1361 2688 1524 2756 mutatur.
1551 2681 1622 2755 Aut
1647 2681 1759 2764 nibil,
1787 2682 1890 2756 si'cmi
1917 2681 2015 2774 guod
2041 2701 2187 2766 sumus,

1361 2815 1415 2883 est
1440 2809 1536 2882 enim
1563 2809 1607 2882 ab
1625 2809 1736 2892 initio,
1756 2826 1852 2882 nunc
1878 2827 1950 2884 non
1968 2812 2130 2891 sumus‘,
2152 2817 2187 2884 ct

1361 2936 1475 3019 sicuti,
1495 2935 1591 3027 quoti
1610 2953 1734 3010 snmus
1752 2955 1858 3020 nunc,
1879 2943 2001 3026 postca
2018 2954 2093 3010 nou
2110 2955 2187 3028 pcr-

1361 3063 1592 3138 manebimus.
1626 3064 1664 3137 si
1691 3065 1785 3138 enim
1813 3067 1971 3154 paratum
1998 3081 2073 3136 non
2100 3064 2186 3138 tuis·

1361 3197 1435 3277 sct‚
1464 3199 1503 3266 nt
1528 3197 1623 3266 essct
1650 3190 1815 3265 omnibns
1850 3190 1957 3274 finis,
1986 3189 2025 3262 in
2057 3207 2186 3262 vanum

1362 3327 1458 3396 esset
1490 3337 1612 3395 eorum
1649 3293 1798 3392 initium.
1837 3317 1907 3398 Sed
1933 3317 2185 3409 quodcumque

1361 3447 1458 3521 vonit
1474 3465 1495 3519 a
1521 3453 1566 3528 to,
1587 3445 1703 3520 indica
1721 3445 1818 3528 mibi,
1839 3455 1874 3520 et
1891 3443 1937 3519 tle
1963 3463 2187 3536 quacumque

1362 3593 1401 3648 ro
1429 3591 1595 3666 rogavero
1621 3581 1677 3656 te,
1702 3575 1863 3648 illumina
1895 3591 1965 3648 me.
1994 3575 2188 3666 Usquequo

1364 3701 1461 3794 guod
1484 3703 1719 3793 corrumpitur
1744 3701 1973 3792 permanebit,
1993 3707 2029 3774 et
2054 3719 2188 3794 usgue·
2289 3775 2290 3786 g

1364 3847 1435 3922 quo
1453 3837 1591 3921 tempus
1618 3830 1815 3903 mortalium
1842 3827 2126 3921 prosperabitur.
2155 3835 2191 3903 et
2289 3807 2290 3816 Ν

1364 3955 1409 4030 ad
1436 3957 1613 4049 quodnam
1645 3963 1783 4048 tempus
1812 3957 1874 4048 gni
1899 3961 2126 4048 praetereunt
2151 3959 2191 4030 in

1363 4085 1496 4158 mundo
1522 4085 1722 4177 polluentur
1748 4087 1785 4158 in
1812 4083 2035 4176 improbitate
2053 4085 2190 4158 multat

1363 4213 1526 4302 Praecipc
1545 4231 1628 4304 ergo
1655 4213 1693 4286 in
1721 4211 1973 4294 misericordia,
1995 4217 2030 4286 ct
2056 4211 2190 4301 pertice

1364 4339 1537 4432 quidquid
1561 4341 1680 4414 dixisti
1707 4347 1742 4414 to
1769 4339 2001 4414 adducturum
2028 4356 2122 4422 csse,
2151 4345 2192 4412 nt

1363 4471 1557 4544 innotescat
1585 4471 1744 4561 potentia
1768 4475 1827 4542 tna
1864 4469 1933 4542 illis
1970 4469 2032 4559 gni
2064 4473 2190 4558 putant

1363 4597 1658 4688 longanimitatem
1679 4603 1781 4670 tuam
1819 4613 1899 4670 esse
1925 4593 2188 4676 infirmitatem,

1364 4731 1399 4798 ct
1425 4723 1571 4799 osteum
1603 4725 1672 4798 illis
1709 4725 1770 4816 qui
1805 4723 1992 4806 nesciunt,
2030 4729 2067 4796 et
2092 4721 2191 4796 ride·

1364 4857 1445 4926 runt
1475 4851 1572 4944 quod
1598 4851 1724 4926 accidit
1749 4851 1853 4925 nobis
1881 4859 1917 4924 ct
1942 4849 2023 4930 urbi
2049 4857 2192 4924 nonnae

1364 4979 1558 5072 bucusque,
1575 4980 1673 5072 juxta
1691 4981 1986 5072 longanimitatem
2009 4979 2191 5068 potentiae

1364 5115 1455 5182 tuae.
1484 5109 1572 5196 Quia
1590 5116 1628 5182 tn
1646 5110 1776 5182 vocasti
1799 5125 1866 5182 nos
1885 5112 2031 5198 propter
2058 5123 2191 5179 nomen

1363 5241 1462 5310 tuum
1490 5237 1658 5328 populum
1678 5235 1856 5310 diloctmn.
1885 5234 2009 5308 Omnis
2037 5249 2123 5325 crgo
2147 5251 2191 5306 er

1363 5362 1431 5436 boc
1450 5379 1545 5436 nnnc
1565 5369 1686 5437 natura
1705 5364 1873 5438 mortalis
1892 5363 1936 5436 lit
1953 5363 2097 5452 increpa
2120 5359 2190 5452 jam

1364 5505 1459 5562 nunc
1486 5491 1649 5580 angelum
1676 5491 1811 5574 mortis,
1832 5497 1867 5566 et
1892 5495 2056 5584 appareat
2083 5487 2192 5579 gloria

1364 5619 1434 5700 toa,
1455 5621 1490 5688 ct
1514 5616 1711 5692 innotescat
1733 5619 1935 5712 magnitudo
1959 5617 2101 5692 decons
2127 5613 2189 5697 toi,

1364 5747 1400 5817 et
1426 5743 1631 5837 obsignotnr
1657 5746 1826 5834 internus,
1855 5765 1902 5821 no
1929 5764 1974 5821 ex
2000 5744 2070 5820 boc
2096 5755 2190 5816 nnnc
