4594 6452
1254 124 1455 192 -ίθίι-

826 188 868 260 ὓ

483 287 535 352 σύν
560 291 642 367 αύτῷ
664 281 918 375 προσηλωθέντων
948 287 1091 370 λῃστῶν,
1114 281 1309 370 ἀναμφισβη-

483 399 584 474 τίτως
606 399 761 464 ἐπίστευον
787 394 932 470 ἅπαντες·
956 391 1083 485 ἠγνόουν
1107 383 1142 458 δὲ
1156 393 1235 482 ὅμως
1256 391 1320 466 τὸνζ

482 520 528 594 τῷ
550 505 725 590 δεσποτικῷ
748 508 851 588 ἐκείνῳ
867 507 923 581 καί
947 505 1025 596 ἁγίῳ
1047 503 1229 570 πελάσαντα
1253 503 1308 569 σὼ-

483 643 581 710 ματι,
605 620 658 684 καί
680 627 735 683 τοῦ
756 618 857 707 τιμίου
881 618 916 680 α“
939 639 1012 691 ατος
1033 615 1090 686 τὴν
1113 607 1230 698 λιβάδα
1255 607 1307 680 δε-

482 725 618 822 ξάμενω.
643 727 771 794 ’Am
803 727 982 818 σοφώτατος
1013 733 1122 803 ἐκεῖνος
1151 729 1204 794 καί
1234 727 1309 803 θεῖος

481 848 573 922 ὅντως
596 843 749 934 Μακάριος
772 849 788 906 ό
811 851 868 918 τῆς
891 842 1056 917 ἐκκλησίας
1078 843 1191 916 ἐκείνης
1201 841 1307 932 πρόε-

481 949 548 1046 δρος
570 947 741 1036 τοιῷδεπό
701 953 782 1045 πόρῳ
799 953 856 1024 τὴν
877 955 1004 1044 ἀπορίαν
1021 943 1147 1016 διέ.λυσε
1164 952 1306 1016 Γυναικίί

480 1065 724 1156 περιφανεστάτη
756 1075 813 1140 τῆς
843 1071 940 1130 ἐκεῖσε
974 1063 1110 1141 π,όλεως
1137 1063 1213 1145 νόσῳ
1248 1087 1306 1128 κα-

398 1186 400 1190 ’
480 1177 632 1268 τεχομίνῃ
657 1185 779 1267 μακρᾷ,
803 1178 856 1240 καί
879 1176 975 1266 ύρύση
1007 1201 1031 1240 π
1032 1175 1080 1266 ρθς
1106 1155 1245 1275 iii*
1265 1175 1308 1240 τά

381 1349 385 1355 .
481 1283 559 1368 ξύλα
582 1286 819 1420 προσενεχθῆναι
842 1273 1010 1364 σκοκίῆσας,
1034 1287 1111 1390 ἔγνω
1133 1295 1187 1351 τοῦ
1210 1309 1309 1356 σωτη-

480 1404 541 1491 ρίου
556 1411 703 1492 σταυροῦ
701 1401 758 1472 τὴν
779 1393 914 1489 δύναμιν,
931 1391 1085 1482 τοιᾷδεπ
1062 1409 1214 1490 προσευχῇ
1237 1423 1308 1490 πρ
1278 1423 1309 1464 ι

480 1515 532 1579 σύν
550 1513 625 1578 Θεὸν
642 1511 839 1602 χρησάμενος·
863 1512 969 1586 κλίνας
992 1533 1035 1574 τα
1022 1509 1171 1602 γόνατα
1186 1510 1304 1601 πρθς
1271 1535 1308 1575 το

480 1637 534 1692 τοῦ
545 1627 667 1719 γυναίου
683 1615 874 1715 σκιμπόδιον,
890 1634 972 1714 φωνῇ
988 1623 1113 1713 μεγάλῃ
1127 1622 1246 1707 ἐβόησε,
1257 1647 1306 1688 συ-

384 1801 390 1816 ,
479 1738 585 1814 νούσης
604 1745 687 1820 αύτῷ
711 1738 836 1811 καὶτῆς
860 1733 1098 1825 θεοφιλεστάτης
1112 1731 1238 1810 Ἑλένης
1254 1736 1308 1800 καί

479 1848 613 1926 πλήθους
625 1847 784 1940 ἀνθρώπων
797 1854 928 1914 πολλῶν·
942 1847 990 1926 Σύ,
1003 1839 1142 1913 δέσποτα
1155 1847 1213 1913 Θεέ

479 1963 636 2054 τοκράτορ,
652 1971 668 2027 ὁ
685 1955 737 2026 διά
752 1971 806 2026 τοῦ
822 1968 999 2052 μονογενοῦς
1014 1983 1067 2024 σου
1081 1951 1213 2036 παιδὸς’
1219 1971 1252 2031 1η

480 2195 510 2253 ὲν
526 2199 570 2270 τῷ
592 2198 647 2252 τοῦ
662 2195 792 2278 σταυροῦ
814 2178 894 2268 ξύλῳ
917 2184 1130 2277 ἐργασάμενος·
1147 2195 1163 2252 ύ
1187 2138 1240 2252 καὶ
1258 2197 1307 2260 νῦν

480 2303 529 2367 ὲπ
545 2301 685 2391 ἐσχάτων
708 2309 768 2365 τῶν
784 2298 895 2389 χρόνων
911 2307 951 2384 τῇ
969 2306 1007 2384 σῇ
1025 2289 1239 2388 θεροιπσιινίδι1
1255 2305 1308 2390 ἰμ·

1932 82 1961 150 ,θ

1400 273 1479 344 οἶκον
1494 276 1598 356 εὐθέως
1612 285 1642 346 ἰν
1666 283 1748 362 αύτῷ
1762 289 1807 362 τῷ
1827 280 1916 364 τόπῳ
1930 285 2025 372 ἐγείρει
2043 290 2150 368 κατάτις

1400 401 1454 457 τοῦ
1480 387 1695 458 αἰσεθεστάτου
1725 385 1834 470 παιδός
1864 399 2071 464 Κωνσταντίνοο
2093 428 2151 490 προσ-

1399 494 1516 582 τάξεις,
1539 506 1592 569 καί
1618 505 1773 596 μαρτύριον
1804 506 1896 571 αύτὸν
1927 509 2151 602 προσαγορσίείσι,

1400 614 1490 680 εἰσέτι
1513 618 1632 704 μάλλον
1647 617 1700 680 καί
1720 621 1840 706 μάλλον
1855 627 1896 706 τῇ
1920 620 2015 684 πίστει
2028 624 2151 712 προέιοτπ.

1401 726 1505 816 Διόπερ
1527 727 1589 792 τοῦ
1603 725 1784 818 ποθουμένου
1799 738 1946 818 τυχοῦσα,
1961 731 2053 798 λοιπὸν
2066 739 2105 800 καὶ
2114 743 2199 855 περὶ.

1398 839 1468 1016 τὴνδ
1477 849 1537 906 τῶν
1559 841 1641 912 ἥλων
1669 834 1856 915 ἀναζήτησιν
1883 831 2062 917 ἀδιστάκτως
2081 826 2199 914 ίαυτιν

1399 942 1479 1018 ἰπιδί
1481 942 1578 1030 δωσ,ιν
1601 958 1631 1016 ὲν
1653 948 1695 1028 οῐς
1715 953 1753 1018 τό
1775 953 1915 1045 κυριακὸν
1936 964 2047 1044 σῶμα
2039 981 2064 1022 εν
2081 971 2153 1040 epp}

1399 1072 1526 1152 σταυροῦ
1549 1053 1627 1144 ξύλῳ
1651 1063 1823 1164 καθηληο.
1848 1067 1912 1132 Καὶ
1941 1075 2052 1158 σύρουσα
2070 1029 2169 1160 τὰμὲν

1398 1181 1439 1248 εἰς
1460 1174 1497 1238 τὸ
1521 1167 1739 1242 θασιλικδνέ
1693 1182 1723 1242 ὲν
1724 1171 1819 1260 έΜλε
1838 1177 1954 1268 κράνος,
1968 1191 2103 1256 τῆςτοῦτ
2086 1177 2154 1256 wir

1398 1285 1517 1376 πρθομη
1519 1311 1576 1378 ουμ
1577 1287 1637 1375 iss),
1652 1291 1845 1379 ίφφαλῆς,
1833 1316 1881 1358 ινα
1905 1293 1947 1358 τά
1975 1303 2029 1359 τῶν
2054 1301 2154 1384 πολεμίῳ

1399 1401 1606 1490 ἀποκρούηται
1628 1387 1713 1483 βέλη·
1729 1403 1802 1491 ὅπερ
1825 1402 1941 1493 κράνος,
1956 1403 2008 1468 ἅτε
2021 1403 2082 1470 θεῖον
2094 1397 2156 1494 δι’ρν

1397 1515 1469 1604 πρός
1498 1513 1551 1578 τὸν
1581 1513 1642 1579 υίθν
1671 1514 1861 1604 μετεκόμισε.
1893 1515 1939 1580 Τά
1970 1507 2002 1582 δί
2085 1517 2155 1581 iris

1397 1626 1478 1696 ἥλων
1493 1635 1538 1707 τῷ
1560 1635 1615 1690 τοῦ
1638 1619 1796 1692 θασιλικοῦ
1817 1630 1915 1694 ἵππου
1937 1614 1999 1718 χαλ
2093 1629 2156 1694 rii

1396 1729 1464 1827 μιξε
1449 1744 1632 1828 εχαλινῷ,
1655 1737 1825 1828 ἀσφάλειαν
1858 1737 1914 1828 μὲν
1944 1739 2155 1831 μηχανωμένζαιῖι

1397 1851 1536 1933 βασιλεύ,
1559 1852 1612 1915 καί
1634 1849 1760 1916 πάλαι3
1781 1831 2137 2098 δέδπροφγιῷπίραςι
2089 1873 2154 1926 επ-

1397 1959 1527 2033 θίισασα.
1561 1961 1605 2028 Πό
1605 1949 1709 2053 ῤῥωθεν
1740 1962 1799 2054 γάρ
1784 1973 1924 2054 ρΖαχα
2050 1963 2154 2051 προφήτης

1396 2075 1479 2159 ἐβόα
1503 2075 1604 2140 Καὶ
1589 2099 1676 2140 εσται
1701 2075 1739 2141 τὸ
1761 2077 1813 2142 ἰπὶ
1828 2085 1891 2141 τοῦ
1913 2074 2066 2166 χαλινοῦ
2051 2083 2154 2165 αγιονιύ

1396 2190 1493 2277 Κυρίῳ
1514 2189 1762 2279 παντοκράτοριί.
1787 2197 1847 2254 Τοῦ
1870 2180 1907 2254 δί
1929 2171 2153 2277 emptorem&

1395 2309 1499 2390 μοῖραν
1530 2299 1585 2390 μέν
1615 2323 1685 2364 τινα
1711 2310 1774 2375 τοίς
1804 2301 1967 2382 βασιλείοις
1994 2297 2152 2384 ἀπένειμεεύ

480 2414 609 2488 πνείισας
631 2413 683 2476 σὺν
699 2421 744 2494 τῷ
759 2411 876 2485 ταύτης
898 2400 998 2486 παιδί,
1013 2417 1057 2491 σῷ
1080 2401 1115 2474 δὲ
1138 2407 1306 2500 θεράποντι,
1338 2427 1367 2492 ἡ
1397 2401 1431 2476 δέ
1453 2415 1550 2493 λοιπῷ
1581 2410 1677 2482 θῆκην
1700 2403 1733 2486 ἰξ
1755 2412 1828 2487 θλης
1853 2419 1980 2503 ἀργυρᾶς
2001 2407 2150 2496 ποιησαμθο.

482 2519 667 2602 ἐπιζητῆσαι
688 2525 726 2590 τὸ
750 2523 910 2614 μακάριον,
926 2513 1035 2600 ξύλον,
1059 2526 1090 2586 ἰν
1112 2515 1136 2603 ᾧ
1160 2529 1176 2586 i
1207 2522 1306 2613 σωτὴρ

481 2637 604 2703 πάντων
637 2634 817 2726 ἀνθρώπων,
842 2633 982 2724 μάλιστα
1014 2641 1149 2712 πιστοῦν,
1180 2637 1307 2726 Χριστός

481 2745 647 2818 καθηλώθη
671 2748 768 2837 σαρκί,
792 2737 951 2821 ἀνάδειξον
973 2752 1065 2834 ἡμῖν,
1090 2745 1198 2836 Κύριε,
1221 2758 1306 2813 ποῖον

481 2867 516 2925 ὲκ
538 2861 652 2926 τούτων
668 2869 728 2924 τῶν
743 2869 830 2949 τριῶν
854 2849 949 2935 ξύλων
973 2859 1054 2922 έστίν
1078 2866 1094 2923 ύ
1110 2861 1236 2951 σταυρὸς
1251 2851 1306 2926 τοῦ

481 2981 629 3062 Χριστοῦ,
652 2971 683 3047 θς
717 2961 769 3036 διά
800 2981 856 3046 τῆς
886 2967 1098 3060 προσψαύσεως
1130 2979 1223 3038 αύτοῦ
1249 2983 1306 3048 τῆς

482 3077 523 3149 δι’
538 3092 622 3174 ἡμῶν
645 3081 801 3175 γινομένης
824 3083 874 3146 ἐπὶ
898 3081 1017 3152 ταύτην
1040 3081 1097 3154 τὴν
1121 3081 1318 3168 ἀσθενῆκαί

482 3195 613 3288 ἡμιθανῆ
649 3198 720 3290 πρὸς
750 3197 854 3288 ὑγείαν
886 3202 982 3271 αὐτῆς
1016 3196 1069 3260 καὶ
1101 3186 1305 3272 ἐξανάστασιν

456 3325 459 3334 ¹
483 3311 669 3402 χειραγωγὸς
692 3309 828 3401 γένηται.
851 3305 906 3384 Ὧς
930 3299 964 3374 δὲ
993 3304 1153 3410 spathas,
1179 3332 1305 3400 προσευ-

483 3413 627 3511 ξάμενος,
650 3421 805 3512 προσφέρει
829 3421 865 3486 τό
888 3429 1005 3511 πρῶτον
1029 3411 1137 3500 ξύλον,
1160 3423 1212 3486 καί
1236 3427 1305 3487 ἑπι-

483 3533 598 3604 τίθησιν
586 3535 753 3713 *rip
777 3531 898 3604 ἀσθενῆ·
922 3533 995 3598 ἀλλ’
1011 3522 1096 3598 ούδέν
1120 3533 1216 3604 αὐτὴν
1231 3531 1307 3604 ὤνη-

689 3645 811 3738 ροσάγει
834 3644 942 3710 καί
909 3669 947 3710 το
974 3635 1120 3734 δεύτερον·
1144 3632 1229 3710 ἀλλά
1253 3645 1306 3710 καί

760 3751 895 3856 ἐδείχθη.
918 3755 1066 3824 Οτεὲ
1031 3747 1066 3822 δὲ
1096 3748 1224 3834 ἐξέτεινε
1247 3759 1304 3829 τὴν

686 3872 833 3962 τρίτον,
857 3865 940 3946 αὖθις
958 3879 998 3957 τῇ
1022 3869 1139 3936 σκιάσει
1156 3871 1191 3935 τθ
1216 3863 1303 3948 ξύλον

482 3671 540 3715 σεν.
563 3645 618 3714 Eis

483 3761 557 3827 αύτύ
580 3761 664 3850 ἄπρα

483 3883 570 3962 χεῖρα
592 3785 686 3938 ἰπρί’

481 3994 521 4070 τῇ
545 3983 662 4048 ἀσθενεῖ
684 3983 878 4074 προσήγγισε,
893 3983 946 4064 καί
962 3981 1065 4071 θαῦμα
1088 3981 1232 4074 μέγιστον
1253 3983 1305 4076 γέ-

481 4119 575 4188 γονεν.
598 4093 701 4184 Ἀφνω
724 4095 782 4185 γάρ
810 4101 830 4166 ἡ
861 4091 1010 4183 ἡμιθανὴς
1030 4093 1100 4170 τούς
1129 4091 1304 4184 ὀφθαλμούς

482 4197 634 4281 διήνοιξεν·
657 4201 725 4270 εἶτα
747 4203 942 4280 ἐπιταθέντος
957 4212 1035 4292 αὐτῇ
1058 4216 1113 4272 τοῦ
1128 4209 1227 4296 τιμίου
1251 4211 1303 4274 καὶ

482 4315 662 4384 δεσποτικοῦ
696 4327 844 4408 σταυροῦ,
878 4317 983 4393 εύθέως
1016 4310 1215 4400 ἀνεπάδησε,
1250 4322 1303 4386 καί

482 4439 585 4496 στάσα
609 4430 658 4502 ἐπὶ
674 4428 742 4503 τούς
757 4423 864 4506 πόδας,
879 4438 924 4510 τῷ
940 4437 1007 4510 Θεῷ
1027 4421 1119 4508 δόξαν
1135 4432 1302 4524 ἀνέπεμπε,

481 4541 616 4624 τοσούτῳ
639 4542 778 4632 κρείσσων
800 4548 912 4618 ἑαυτῆς
934 4542 1097 4632 γενομένη,
1120 4545 1173 4608 καὶ
1196 4544 1301 4610 πάντα

482 4653 534 4719 τόν
557 4649 636 4720 οἷκον
659 4653 907 4744 περιπορευομένη
919 4705 928 4734 ,
952 4654 1101 4746 χαίρουσά
1124 4679 1159 4721 τε
1180 4657 1302 4722 πανοικὶ

482 4766 703 4858 μεγαλοφώνως
734 4758 950 4857 εὐηγγελίζετο
980 4774 1035 4830 τοῦ
1065 4764 1146 4831 θείου
1172 4777 1302 4857 σταυροῦ

481 4879 537 4952 τὴν
561 4870 694 4968 δύναμιν.
721 4877 823 4952 Ούτως
845 4884 865 4946 η
890 4875 1094 4959 εὐσεβεστάτη
1119 4869 1300 4957 βασίλισσα,

480 5001 500 5062 ἡ
524 5001 579 5057 τοῦ
600 4989 798 5080 πανευφίνμου
822 4989 875 5054 καί
897 4987 1133 5078 θεοφιλεστάτου
1154 4979 1301 5064 βασιλέως

481 5105 708 5168 Κωνσταντίνου
731 5101 842 5192 μάτηρ,
858 5105 1016 5192 εἰλικρινῶς
1038 5100 1232 5172 ἀποστήσασα
1247 5102 1300 5167 τόν

423 5301 428 5310 ¹
481 5202 545 5278 νὀῦν
561 5215 614 5279 καί
628 5211 813 5280 πιστωθεῑσα
828 5213 895 5303 πιρί
910 5235 946 5278 τε
960 5223 1015 5279 τοῦ
1029 5215 1174 5303 σωτηρίου
1192 5212 1300 5304 τάφου,

482 5326 534 5388 καὶ
557 5333 611 5388 τοῦ
633 5324 732 5412 τιμίου
755 5333 885 5414 σταυροῦ
906 5333 961 5390 τοῦ
984 5334 1125 5416 Χριστοῦ,
1148 5325 1326 5416 εύκτίιριον

528 5531 539 5574 ¹
563 5531 679 5598 Manus
702 5528 870 5614 posterior
894 5529 1130 5616 superscripsit
1157 5530 1238 5626 γὰρ,
1263 5537 1301 5600 ut

480 5639 610 5710 videtur
632 5639 772 5726 legenda
795 5642 934 5714 confusa
958 5641 1133 5729 scriptura,
1154 5645 1245 5731 quod
1267 5653 1301 5714 ot

483 5749 705 5822 Theodoritus
729 5751 839 5822 haret.

1395 2531 1440 2604 τῷ
1461 2532 1518 2598 Τῆς
1544 2521 1659 2598 πόλεως
1690 2523 1802 2600 ἐκείνης
1825 2513 1956 2588 δέδωκεν
1978 2520 2152 2622 ἰπισκόπῳμι·

1379 2633 1464 2718 θείῳ
1487 2635 1587 2716 ἰκτίνῳ
1611 2636 1776 2725 Μακαρίῳ,
1799 2629 1891 2726 οὗπερ
1914 2635 1965 2700 καί
1990 2633 2099 2720 &W
2119 2635 2151 2714 θ’

1395 2745 1561 2836 νήσθημεν,
1586 2746 1749 2838 φυλάττειν
1772 2749 2011 2842 παρεγγυήσασα
2030 2757 2084 2818 ταῖς
2099 2739 2150 2830 μετέ

1399 2879 1492 2924 πειτα
1507 2869 1623 2949 γενεαῖς
1637 2859 1679 2924 τοὶ
1694 2869 1750 2936 τῆς
1773 2864 1923 2953 σωτηρίας
1937 2856 2092 2954 μνημόσυνα
2104 2853 2149 2916 Πάν-

1397 2967 1484 3034 τοθεν
1508 2962 1543 3035 δὲ
1566 2963 1769 3047 παντοδαπῆς
1798 2973 1872 3047 ύλης
1895 2974 2029 3063 τεχνίτας
2054 2966 2150 3056 ἀμύνοι

1331 3047 1464 3258 qm
1497 3082 1642 3216 Μακαρίφ
1664 3092 1710 3166 τῦ
1731 3092 1787 3157 τῆς
1817 3089 1915 3148 έκεϊσε
1941 3080 2080 3151 ἐκκλησίας
2095 3071 2149 3160 iii·

1414 3217 1454 3283 ρῳ
1485 3193 1569 3258 κατοὶ
1591 3192 1634 3258 τά
1664 3195 1723 3259 ύπθ
1750 3203 1804 3260 τοῦ
1834 3189 1982 3268 βασιλέως
2010 3199 2055 3255 τοῦ
2077 3185 2148 3252 τοίη-ι’

1330 3313 1455 3438 ,·’·ῑζυίοῦ
1487 3308 1717 3373 Κωνσταντίνυυ
1752 3305 1986 3398 προσταχθέντα
2015 3299 2072 3374 wis
2095 3295 2148 3384 prpi-

1393 3421 1628 3496 proscissione
1651 3421 1703 3485 καὶ
1724 3420 1962 3556 λαμπροτάτους
1982 3413 2056 3486 ναούς
2073 3408 2146 3493 θεκμ

1392 3533 1460 3608 σίως
1481 3524 1579 3614 ᾡκοδό
1579 3554 1695 3621 μησεν,
1719 3525 1758 3596 ὧν
1786 3533 1824 3596 τύ
1848 3531 1962 3606 κάλλος
1983 3529 2030 3592 καί
2048 3549 2076 3588 το
2067 3519 2148 3608 μέμ·

1391 3643 1441 3720 θος
1427 3643 1642 3760 περιττὸν
1624 3668 1704 3736 αγαν
1735 3646 1890 3734 ὑπείληφα
1922 3633 2036 3718 ἐντάξαι
2053 3625 2110 3714 τῷδε
2124 3635 2148 3702 τό

1390 3725 1573 3878 γράμματι,
1582 3756 1715 3842 πάντων,
1734 3763 1773 3834 ὡς
1796 3756 1866 3834 ἔπος
1881 3765 1982 3839 εἰπεῖν,
1996 3761 2046 3818 τύν
2059 3770 2082 3836 μ
2083 3741 2145 3830 iiiii

1391 3893 1475 3936 στων
1485 3879 1545 3934 τῶν
1560 3875 1595 3934 ὲκ
1618 3869 1720 3945 πόισης
1741 3879 1798 3946 τῆς
1820 3869 1878 3938 ύπδ
1903 3869 1954 3936 τθν
1976 3863 2076 3954 siparis
2091 3862 2147 3982 ἐκύμ

1391 3980 1565 4084 συρρεόντων
1599 3979 1751 4070 θεωμένων
1780 3991 1840 4046 τῶν
1875 3981 1966 4074 ἔργων
1995 3977 2045 4048 riv
2062 3961 2137 4036 πολντύ

1391 4099 1485 4162 λειαν.
1509 4092 1653 4166 Ἐποίησε
1684 4081 1836 4280 ivi
1965 4089 2094 4180 νῆμης
2054 4068 2146 4154 ἀξύιον

1391 4208 1584 4298 πανεύῳημος
1607 4209 1703 4278 εκείνη
1816 4117 2090 4300 summi
2036 4196 2090 4262 τοῦ
2091 4208 2147 4253 ιιικ

1392 4328 1412 4392 ἡ
1442 4329 1497 4385 τοῦ
1527 4319 1715 4394 πιστοτάτου
1748 4319 1896 4402 βασιλέως
1921 4318 2026 4422 μήτηρ
2047 4305 2146 4385 Τθςμ

1393 4423 1445 4496 διά
1468 4425 1587 4498 ύίου
1555 4455 1613 4502 την
1636 4413 1798 4526 παρθενίαν
1829 4345 1977 4504 ἀσκούσας
2003 4415 2145 4508 ουναμύύσι

1393 4541 1504 4642 πάσας,
1527 4545 1579 4608 καὶ
1601 4543 1651 4608 έπί
1674 4531 1827 4626 στιβάδων
1850 4549 1969 4609 πολλῶν
1983 4529 2101 4604 κατακλί
2091 4539 2146 4584 μ’·

1394 4655 1473 4725 aivi
1506 4648 1546 4720 δι’
1569 4662 1681 4730 ἑαυτῆς
1711 4646 1919 4744 θεραπαινίδος
1949 4653 2023 4744 ίργον
2045 4635 2146 4720 ἰπλίιμ

1393 4757 1592 4969 &aarum
1605 4773 1731 4845 αὐταῖς,
1754 4768 1808 4832 καὶ
1830 4763 1890 4854 θύα
1904 4757 2103 4892 ’παραιτθρῑσα,
2115 4761 2146 4802 ύύῑ

1393 4877 1480 4944 κόλικ
1587 4903 1684 4970 γουσα
1708 4882 1769 4944 καὶ·
1783 4886 1976 4969 οἰνοχοοῦσα,
1996 4871 2040 4937 καί
2063 4857 2138 4950 'W
2103 4873 2146 4944 ίοὑν

1393 4991 1443 5056 ἰπὶ
1458 4989 1587 5074 λέβητος
1602 4991 1730 5081 φέρουσα
1746 4993 1799 5057 καί
1821 4985 1898 5081 όδωρ
1922 5001 1985 5063 ταῖς
2003 4979 2137 5052 *imi*
2120 4983 2144 5024 ‘⁵'

1392 5103 1437 5166 σίν
1452 5087 1574 5224 ἰπιχέ
1543 5121 1627 5183 ουσα.
1645 5113 1752 5170 Ταῦτα
1768 5105 1872 5170 καί
1835 5127 1878 5170 τα
1893 5103 2001 5174 τούτοις
2019 5070 2199 5183 ύβίίίύύ,

1392 5236 1475 5278 σασα
1497 5179 1652 5286 ἐπανῆλθε
1674 5214 1728 5304 μὲν
1751 5217 1824 5306 πρός
1844 5215 1897 5281 τὸν
1924 5205 2014 5282 παῖδα
2039 5197 2144 5292 χύθθίσι

1393 5327 1512 5391 Μετ’
1488 5332 1522 5391 ού
1544 5327 1623 5392 πολύ
1646 5317 1680 5392 δί
1702 5331 1774 5418 μετ
1797 5327 1935 5418 εύθυμίας
1957 5319 2058 5391 ἀπάσης
2074 5295 2141 5376 ύίίίί
2197 5278 2199 5363 ύ

1436 5529 1451 5574 ¹
1475 5531 1529 5599 Sic
1552 5480 1845 5617 prim0³seound0
1868 5527 2029 5622 ύιρααιίνη.

1438 5643 1576 5708 ύιτάλαι
1601 5643 1658 5721 sic,
1682 5643 1905 5734 ῦληρύοιίιιιε
1926 5642 2041 5716 παλαιᾷ·

1337 5742 1341 5753 “
1437 5757 1451 5799 ⁴
1474 5755 1607 5826 zachar.
1630 5745 1715 5840 xiv,
1730 5741 1795 5826 αθ.
1912 5806 1938 5855 2

2196 5411 2199 5621 ί
