4690 6406
902 160 1081 224 ...23-

1024 339 1132 404 lala
1181 343 1215 404 et
1238 334 1435 404 sustinendo
1466 333 1543 402 unl-
1639 369 1640 374 =

1183 455 1254 516 tum
1276 445 1349 517 eius
1372 447 1407 514 in
1431 445 1520 516 omni
1546 453 1631 515 tem-

138 352 249 414 tabo.
294 303 663 430 quemammodum'in-

134 459 208 526 XX.
296 455 393 524 dicati
417 461 496 523 sunt
520 462 659 540 propter

188 653 191 660 .
293 569 450 638 malitiam
473 569 624 654 ipsorum

293 688 430 768 propter
454 679 544 768 quod
569 697 650 749 con·

292 795 494 864 misscebant
518 813 554 864 se
578 812 655 864 eom

293 908 476 978 lornioariis
500 914 534 977 et
549 909 679 976 inmun·
774 915 778 920 “

257 1039 260 1046 “
294 1022 407 1090 ditiam
432 1021 632 1090 exercebant

293 1142 327 1202 et
351 1151 485 1206 omnem
509 1135 637 1204 abomi-

294 1247 463 1318 nationem
486 1246 650 1315 iaciebant

292 1366 325 1428 et
349 1365 525 1446 praecepta
550 1358 664 1444 negle—
769 1381 776 1392 ·

293 1472 415 1556 gabant
438 1478 471 1540 et
494 1471 571 1541 ideo
595 1487 637 1538 ne

294 1585 379 1654 torte
404 1592 438 1652 et
461 1601 523 1654 uos
547 1583 634 1653 detis

295 1713 416 1787 nomen
442 1703 594 1768 uestrum

295 1809 327 1876 in
350 1809 620 1878 maledictionem

293 1924 327 1984 et
351 1934 485 1986 omnem
509 1917 613 1986 uitam

296 2036 442 2098 uestram
467 2030 499 2097 in
523 2029 634 2098 sibila·

299 2143 425 2211 tionem
449 2149 482 2210 et
506 2159 624 2211 omnes

301 2255 386 2323 lilios
409 2261 542 2323 uestros
567 2255 600 2322 in
625 2272 682 2322 en-

299 2369 491 2437 termlniom
514 2375 549 2436 et
573 2367 607 2435 in

299 2479 444 2566 gladium
468 2487 502 2548 et
525 2480 619 2549 eritis

297 2593 464 2663 maledicti
488 2595 575 2664 siout
598 2609 655 2662 so·

298 2705 395 2774 doma
419 2713 453 2775 et
477 2705 588 2775 omnia
612 2703 671 2774 de·

298 2819 416 2888 relicta
435 2827 547 2888 uestra
572 2819 618 2888 si·
685 2912 687 2917 Ι

301 2939 356 2999 cut
380 2931 439 2998 lilii
463 2948 618 3016 gomorre

216 3041 647 3128 .mmmmr

299 3173 402 3241 super
425 3173 488 3224 uos
511 3155 569 3223 biii
593 3155 668 3224 dili-

300 3267 366 3352 gite
390 3267 490 3336 deum
514 3268 596 3336 caeli
621 3277 654 3336 et
678 3271 736 3337 ad-

300 3382 414 3451 berete
438 3383 594 3451 omnibus
617 3399 712 3451 man-

301 3494 386 3563 datis
410 3493 482 3564 eius
507 3502 540 3562 et
564 3495 650 3562 noli-

301 3615 333 3675 te
357 3607 405 3675 ire
428 3615 505 3694 post
530 3623 646 3676 omnes

301 3719 563 3790 abominationes
587 3721 639 3806 ip·

287 3812 414 3902 'sorum
442 3839 576 3918 ernost
600 3849 672 3902 om·

301 3961 361 4013 nes
384 3944 598 4014 inmunditias

301 4064 335 4124 et
358 4057 440 4134 deos
464 4059 611 4128 condati-

304 4169 678 4241 mmmmm

302 4283 353 4351 bis
377 4291 411 4352 et
434 4283 597 4370 sculptilia
622 4285 697 4371 quia
769 4355 773 4368 ,

265 4469 271 4486 ,
303 4412 387 4464 nana
411 4403 501 4464 sunt·
513 4403 546 4464 et
571 4413 641 4464 om-

304 4523 363 4574 nes
387 4505 524 4591 spiritus
548 4523 615 4574 non
640 4507 702 4574 erit
728 4507 759 4574 in

303 4619 352 4688 eis
375 4619 530 4706 qnoniam
554 4637 655 4706 opera

303 4751 460 4802 manuum
483 4739 561 4802 sunt
584 4743 617 4801 et
736 4811 743 4828 .

303 4864 419 4915 omnes
443 4845 499 4934 qui
523 4847 694 4916 confidunt

304 4957 337 5027 in
361 4977 399 5028 ea
423 4959 456 5028 in
481 4959 584 5030 nibilo
608 4979 688 5030 cerr-

303 5073 420 5142 bdnnt·
445 5077 485 5142 Et
509 5075 585 5144 ideo
608 5093 670 5143 no·
719 5111 722 5118 ·

239 5179 251 5186 “
303 5185 360 5255 lite
384 5187 511 5256 seruire
534 5185 598 5256 illis

302 5305 336 5367 et
359 5299 462 5369 nolito
486 5299 623 5370 adorare
646 5319 728 5369 eam.

281 5413 411 5482 Seruite
435 5421 544 5483 autem
568 5415 632 5483 deo

302 5525 434 5596 excelso
458 5533 491 5596 et
514 5527 628 5596 adora-
703 5579 710 5596 .

307 5643 338 5707 te
361 5657 438 5710 enm
462 5640 629 5710 adorando

1185 577 1267 646 nore
1291 567 1325 630 et
1349 559 1445 628 tacite
1468 560 1559 628 neri-

1158 680 1286 740 =tatem
1310 679 1344 740 et
1368 671 1525 742 iustitiam
1560 721 1565 732 .

1183 785 1216 852 in
1241 792 1423 870 conspeetu
1447 783 1520 853 eius
1554 767 1556 770 ’

1180 903 1216 963 ut
1240 893 1358 980 dirigat
1382 913 1444 964 uos
1469 903 1503 964 et
1526 895 1583 964 det
1704 883 1709 894 ’

1181 1007 1279 1076 nobis
1302 1006 1528 1076 misericordi-

1093 1213 1097 1222 ?
1177 1141 1232 1190 am
1256 1101 1458 1208 et'deponat
1482 1121 1602 1206 uobis*

1178 1235 1308 1321 plubias
1332 1233 1510 1303 matutinas

1182 1357 1216 1416 et
1240 1348 1404 1416 serotinas
1427 1353 1461 1415 et
1484 1347 1587 1416 bene-

1056 1463 1088 1516 ·.
1183 1461 1273 1530 dicat
1297 1461 1406 1530 omnia
1432 1477 1533 1547 opera

1182 1581 1294 1644 nestra
1319 1591 1547 1660 quaecumque

1182 1687 1311 1773 operati
1336 1704 1438 1772 super
1462 1693 1530 1756 ter-

1095 1785 1101 1796 ’
1182 1817 1252 1880 ram
1276 1807 1310 1868 et
1333 1799 1506 1868 benedicat

1181 1931 1301 1997 panem
1325 1919 1420 1980 tuum
1443 1919 1477 1980 et
1500 1929 1618 1998 aquam

1184 2033 1275 2094 tuam
1298 2025 1524 2095 etbenedioer

1185 2140 1331 2206 tractum
1355 2139 1441 2207 uteri
1466 2137 1514 2205 tui

1182 2259 1217 2320 et
1241 2251 1387 2320 lruotnm
1412 2258 1519 2319 terrae

1184 2373 1260 2433 tuae
1284 2371 1322 2432 ut
1345 2347 1493 2432 armenta

1112 2487 1114 2492 ’
1183 2477 1309 2546 bouum
1334 2483 1468 2545 tuorum
1493 2482 1527 2544 et

1184 2607 1323 2676 egregae
1347 2589 1462 2658 ouium
1487 2595 1618 2658 tuarum

1184 2711 1219 2770 et
1242 2703 1335 2772 eritis
1358 2703 1393 2770 in
1417 2703 1575 2772 benedie-

1184 2817 1274 2884 tione
1298 2833 1400 2902 super
1424 2823 1512 2884 terra

1184 2935 1218 2998 et
1241 2929 1478 2999 desiderabunt
1501 2945 1563 2996 uos

1095 3099 1102 3110 .
1182 3060 1298 3112 omnes
1323 3051 1440 3130 gentes
1465 3050 1572 3112 terrae
1661 3045 1667 3056 '

1185 3165 1219 3225 et
1242 3156 1440 3226 benedicent
1463 3156 1497 3223 in
1521 3172 1581 3224 no
1716 3235 1721 3248 .

1183 3269 1273 3338 mine
1296 3287 1372 3338 meo
1397 3269 1483 3338 lilios
1507 3287 1582 3338 ues-

1182 3391 1272 3450 stros
1297 3389 1334 3450 nt
1358 3383 1423 3450 sint
1448 3381 1482 3448 in
1505 3381 1608 3450 bene-

1182 3495 1364 3563 dictionem
1388 3509 1560 3580 quemam-

1185 3607 1322 3676 modum
1344 3614 1380 3674 et
1403 3623 1465 3691 ego

1161 3725 1203 3790 m
1225 3717 1317 3790 dedit
1339 3720 1454 3788 ismael
1478 3719 1554 3788 liliis

1184 3835 1257 3904 eius
1281 3843 1314 3904 et
1338 3835 1414 3903 siliis
1438 3841 1545 3903 cetto-

1184 3967 1241 4016 rae
1264 3965 1402 4016 munera
1426 3953 1460 4016 et
1484 3948 1563 4016 emi-

1185 4063 1229 4130 sit
1253 4079 1311 4130 eos
1335 4061 1376 4128 ab
1401 4061 1467 4128 isac
1491 4059 1559 4129 lilio
1584 4079 1645 4128 suo

1184 4294 1220 4356 et
1243 4287 1301 4356 tilii
1324 4287 1396 4356 eius
1420 4295 1453 4356 et
1477 4285 1535 4355 lilii

1184 4407 1333 4469 rettnrae
1355 4407 1390 4468 et
1414 4400 1472 4468 lilii
1496 4400 1546 4468 sui

1183 4521 1218 4580 et
1242 4513 1509 4583 inhabitauerunt

1183 4645 1202 4694 a
1226 4627 1373 4696 laramon
1397 4625 1567 4712 usquead
1592 4627 1641 4693 in-

1184 4738 1322 4807 troitum
1345 4737 1538 4824 babyloniae

1185 4849 1334 4918 inomni
1360 4857 1445 4918 terra
1470 4827 1581 4918 orien-

1187 4964 1243 5033 tali
1267 4981 1368 5050 snper
1391 4963 1507 5032 laniem

1185 5077 1309 5146 deserti
1334 5083 1368 5146 et
1390 5077 1547 5146 conmixti

1188 5197 1266 5258 sunt
1289 5189 1343 5258 isti
1367 5191 1432 5258 illis
1456 5199 1489 5260 et
1513 5193 1571 5258 ad-

1184 5301 1271 5371 besit
1294 5319 1414 5370 nomen
1439 5301 1586 5387 ipsorum

1184 5416 1303 5486 arabile
1327 5423 1361 5486 et
1384 5415 1544 5486 ismaelita

1187 5547 1293 5616 nsque
1317 5529 1350 5596 in
1374 5527 1462 5597 diem
1486 5529 1571 5596 hano

1028 5645 1100 5712 lllll
1164 5645 1205 5710 Et
1229 5641 1262 5710 in
1286 5659 1372 5710 anno
1397 5649 1492 5712 sexto
1515 5659 1624 5726 sen·
