4706 6420
465 2122 610 2188 tradidit:
635 2119 676 2188 ad
696 2121 826 2190 literam
843 2121 1062 2206 etymologice
1079 2123 1150 2209 ho,
1168 2125 1292 2210 optime

465 2238 566 2321 Sym,
591 2234 633 2302 ad
657 2251 792 2302 sensum
816 2235 913 2302 Lxx:

511 2349 590 2417 thid,
612 2317 766 2435 βαρεων
783 2381 825 2394 -
848 2345 944 2416 liceat
968 2347 1021 2414 hic
1050 2351 1291 2424 correctionem

464 2463 505 2530 ad
529 2459 740 2528 blentiaucon
766 2459 901 2544 Heaopl.
927 2477 1095 2544 apponere
1125 2479 1185 2530 ceu
1218 2465 1292 2533 loco

464 2593 540 2644 suo:
557 2573 598 2640 ad
615 2571 699 2640 hanc
715 2589 830 2639 rocem
842 2587 963 2657 nempe
980 2575 1177 2643 retrahenda
1193 2577 1292 2646 lectio

464 2686 650 2774 Symmachi
662 2657 883 2767 βασιλειῶν,
905 2703 1004 2770 quam
1021 2689 1129 2755 versui
1147 2691 1218 2765 Vlll
1234 2691 1292 2758 ad-

335 2868 342 2878 ,
463 2799 578 2870 scribit
609 2799 680 2866 sine
705 2805 804 2882 leste,
830 2797 890 2866 sed
914 2799 1130 2884 probabiliter
1152 2819 1193 2869 ex
1211 2804 1292 2872 cod.

465 2912 675 2994 colbertino,
708 2912 764 2999 qui
796 2921 958 2981 consonat
982 2931 1124 3000 semper,
1149 2917 1199 2984 vel
1224 2917 1292 2986 lere

464 3043 540 3092 rum
557 3027 626 3092 Cat.
652 3023 805 3092 Ghislerii
830 3025 884 3108 (ci.
902 3031 1015 3092 notam
1032 3026 1073 3094 ad
1090 3029 1114 3110 l,
1135 3031 1201 3113 66).
1222 3033 1293 3098 lam

465 3136 663 3206 Doederlein
676 3136 709 3203 in
719 3138 944 3223 hepertorium,
954 3141 1095 3222 Vl,llll,
1108 3143 1294 3228 corrigebat

465 3258 566 3332 recte,
586 3256 700 3336 aperte
730 3251 784 3318 Ori
808 3267 888 3320 enes
912 3253 945 3320 in
978 3259 1040 3321 cat.
1065 3254 1219 3323 Ghislerii
1251 3257 1292 3325 ad

464 3383 492 3432 v.
508 3367 542 3431 7:
565 3337 765 3455 rupedoxe
780 3267 824 3431 66
839 3369 904 3428 καῖ
920 3368 968 3430 το
983 3371 1145 3454 obteget
1161 3373 1218 3431 ret
1252 3373 1293 3452 υς

465 3481 536 3556 τας
560 3479 679 3556 orator
709 3479 777 3560 της
809 3452 973 3561 roboot,
994 3481 1110 3572 apocr
1136 3483 1189 3544 ru
1214 3375 1293 3565 66-

465 3566 613 3682 σιλεια
630 3566 843 3702 εκαθαπερ
862 3563 1029 3658 thedoro
1056 3569 1290 3684 Συμμαχος.
1315 3567 1321 3576 ’

511 3703 592 3774 lhid.
622 3706 759 3793 εορτης
785 3741 827 3754 -
856 3723 959 3791 marg.
984 3707 1073 3775 char.
1106 3725 1150 3775 m.
1183 3709 1290 3778 addit:

465 3793 820 3908 ψαλμοῖΛευῖτωῖ,
830 3819 920 3904 quod
934 3817 1148 3906 praemittunt
1158 3820 1294 3890 vocibus

465 3937 502 3994 εν
520 3900 642 4028 ipseo
659 3900 814 4029 ἑορτης,
828 3931 930 4000 cocu.
945 3933 999 4016 aa,
1010 3935 1064 4015 ao,
1078 3913 1202 4018 aneo,
1215 3937 1294 4018 aot,

465 4063 497 4124 a;
530 4042 651 4128 quihus
682 4042 879 4112 accensendi
910 4045 1040 4130 cognati
1069 4049 1132 4130 22,
1162 4049 1225 4131 62,
1260 4049 1293 4116 in

466 4173 550 4243 quos
575 4157 825 4225 amanuensium
849 4157 1050 4243 negligentia
1070 4156 1214 4245 aliquam
1230 4159 1293 4228 dii-

467 4253 639 4340 lerentlam
663 4271 802 4339 induxit.
827 4270 961 4338 hddltio
985 4279 1047 4354 θεῖ,
1072 4289 1171 4358 quam
1196 4273 1293 4356 lleh.,

467 4389 514 4468 P,
538 4383 632 4466 vulg.
659 4399 726 4449 non
751 4383 884 4464 hahent,
901 4391 934 4452 et
958 4393 1073 4452 contra
1097 4403 1226 4452 morem
1242 4393 1294 4454 est

467 4497 600 4566 lllomm
614 4496 717 4564 codd.
742 4495 929 4564 Hebraeum
949 4495 1108 4580 pressius,
1126 4515 1224 4582 quam
1241 4515 1294 4565 ce-

468 4609 545 4692 leri,
570 4607 797 4694 sequentium:
823 4615 955 4676 essetne
979 4607 1129 4676 scholion
1153 4609 1292 4694 margini

468 4724 547 4792 olim
570 4723 792 4816 adscriptum,
818 4739 856 4790 ac
879 4719 955 4789 dein
980 4721 1013 4788 in
1043 4727 1171 4788 textum
1199 4721 1290 4788 inve-

323 4905 325 4909 .
469 4839 582 4904 etum?
598 4838 633 4903 ln
648 4835 860 4905 theodoreto
876 4835 970 4905 locus
986 4841 1051 4902 ost:
1069 4835 1208 4950 (ponunt
1221 4837 1292 4896 rto·

352 4945 356 4954 ·
469 4919 755 5038 hepou'edutur
774 4953 811 5012 er
825 4951 919 5040 οικῳ
934 4940 1094 5038 κυριου.)
1114 4956 1166 5027 ως
1183 4921 1291 5031 ψαλ-

467 5065 537 5150 μον
557 5037 742 5124 Λευιτων.
764 5063 815 5148 (εν
831 5032 958 5150 η’μερᾳ
986 5031 1149 5153 ἑορτης).
1175 5063 1295 5142 Quam-

471 5193 569 5262 quam
593 5176 634 5244 ah
658 5175 786 5246 editore
810 5175 940 5246 addilae
964 5175 1031 5244 sint
1058 5173 1292 5260 parentheses,

462 5297 580 5356 tamen
605 5305 646 5357 ex
671 5287 802 5357 codicis
826 5287 878 5355 sui
895 5287 1077 5374 scriptione
1093 5287 1205 5354 nullus
1229 5287 1291 5354 du-

471 5401 611 5468 hilarem
634 5417 712 5468 eum
736 5399 920 5468 induxisse:
945 5399 999 5468 hic
1023 5399 1117 5468 locus
1137 5399 1223 5466 torte
1243 5398 1291 5466 le-

471 5511 572 5578 rtioni
597 5517 731 5580 nostrae
755 5513 917 5598 originem
941 5511 1049 5594 dedit,
1074 5517 1107 5578 et
1131 5509 1292 5596 antiquis-

472 5624 555 5691 sime
579 5621 730 5710 quidem,
763 5639 839 5692 cum
871 5624 971 5692 etiam
1003 5621 1035 5689 in
1061 5622 1142 5692 Cod.
1175 5623 1295 5705 Syrum

476 5739 601 5805 invecta
624 5735 735 5804 luerit.
984 5791 988 5800 .

520 5855 574 5906 la
599 5851 631 5916 8.
646 5843 721 5912 ’καῖ
736 5847 861 5916 initiale
877 5847 972 5916 deest
988 5849 1071 5932 Syro
1092 5861 1167 5914 cum
1185 5847 1308 5929 llehr.,'

1341 2093 1352 2108 ⁰
1384 2121 1439 2202 96,
1464 2123 1541 2203 296,
1567 2140 1603 2201 a;
1628 2129 1662 2190 et
1685 2115 1732 2191 sle
1757 2123 1871 2209 legunt
1888 2122 2013 2192 omisso
2029 2127 2095 2186 καῖ
2110 2123 2207 2192 etiam

1239 2283 1245 2294 .
1384 2233 1513 2318 cognati
1538 2235 1600 2316 62,
1626 2235 1844 2315 Τῖιθοεῖοεθῖ.;
1869 2235 1946 2303 hnic
1970 2235 2103 2303 lectioni
2125 2237 2208 2305 taret

1384 2345 1473 2414 hrm.
1499 2345 1668 2414 llehraeus
1692 2355 1744 2416 θεῖ
1768 2365 1844 2416 cum
1868 2347 2011 2415 lectione
2040 2349 2207 2432 marginis.

1430 2457 1511 2524 told.
1544 2434 1783 2522 emehuhero
1800 2497 1842 2510 -
1859 2461 1965 2548 sym„-
2000 2471 2034 2526 ot
2064 2461 2210 2528 outeeom

1385 2570 1560 2638 truderetur
1581 2573 1665 2658 tect,
1680 2574 1732 2642 cui
1750 2573 1884 2642 lectioni
1901 2573 2081 2642 concinunt
2098 2575 2207 2658 (223’),

1385 2683 1440 2762 36,
1459 2684 1517 2765 ts,
1534 2686 1589 2768 bl,
1607 2687 1665 2767 62,
1687 2688 1747 2767 96,
1771 2689 1850 2768 236,
1875 2705 1908 2769 a,
1932 2689 1974 2769 li,
1999 2687 2208 2755 Theodorei..
2326 2691 2327 2720 ¹

1386 2795 1458 2874 cll,
1484 2794 1632 2880 legentes
1659 2773 1941 2862 seclusarum
1961 2803 2116 2881 crotous
2146 2807 2211 2862 xo

1385 2909 1475 2996 plOt:
1494 2909 1690 2993 Symmacho
1707 2899 1930 2980 verisimiliter
1945 2899 2111 2982 trihuehat
2128 2915 2210 2982 hanc

1384 3019 1561 3088 lectionem
1574 3025 1784 3108 Doederlein,
1798 3027 1932 3112 liopert,
1950 3027 2001 3107 tl,
2014 3029 2089 3112 697,
2099 3035 2136 3094 ut
2153 3045 2210 3094 ne-

1386 3139 1433 3201 tal
1449 3135 1547 3204 etiam
1565 3136 1768 3206 schleusner
1783 3139 1846 3207 suh
1862 3116 2132 3220 trrthotffatum
2152 3141 2209 3210 sed

1385 3247 1500 3316 eadem
1517 3251 1624 3318 versio
1646 3250 1679 3318 in
1697 3252 1894 3336 Symmacho
1919 3261 1952 3321 et
1975 3253 2009 3320 in
2034 3253 2100 3322 illis
2116 3255 2208 3324 testi-

2326 3013 2328 3052 l

1386 3359 1449 3427 hus
1465 3361 1643 3430 derivanda
1656 3365 1788 3433 ridetur
1803 3383 1844 3433 en
1860 3383 1912 3450 eo,
1930 3367 2020 3452 quod
2037 3375 2108 3435 tum
2121 3371 2212 3453 ng-
2328 3395 2329 3398 ¹

1385 3473 1540 3558 machus,
1567 3483 1637 3544 tum
1651 3478 1930 3546 liecensor‘lllius
1949 3479 2091 3549 lamilioe
2115 3481 2210 3548 amhn

1385 3587 1521 3656 verbum
1548 3589 1646 3657 llehr.
1673 3591 1853 3659 sumserint
1877 3592 1910 3658 in
1937 3593 2041 3660 torma
2073 3595 2209 3662 Pielica.

1386 3709 1422 3769 ut
1446 3705 1606 3787 praebent
1631 3703 1730 3772 etiam
1750 3707 1968 3790 llasorethae,
1993 3691 2073 3776 dum
2097 3717 2210 3776 contra

1387 3817 1472 3882 Lllll
1496 3815 1528 3882 in
1547 3816 1605 3883 Kal
1631 3817 1793 3902 legerunt.
1814 3818 1932 3888 hlirum
1945 3828 2011 3902 est,
2029 3821 2118 3906 quod
2137 3839 2210 3886 rum

1387 3929 1442 4010 66,
1459 3936 1522 3995 θῖθ.
1547 3929 1731 3998 consentiat
1748 3933 1805 4001 Cll
1823 3937 1937 3998 contra
1954 3949 2097 4012 morem;
2123 3933 2208 4018 quod

1387 4039 1497 4108 dic-et
1520 4043 1561 4109 de
1586 4041 1659 4109 lect.
1686 4042 1717 4108 in
1743 4051 1820 4110 nota
1844 4061 1926 4129 seq,
1943 4061 2027 4130 qnae
2051 4061 2127 4112 cum
2150 4045 2210 4111 hac

1385 4171 1539 4222 connexa
1564 4161 1626 4222 est.
2035 4199 2038 4206 -

1431 4265 1512 4334 luia.
1538 4238 1635 4329 d-o‘
1658 4269 1819 4350 numm,
1842 4271 1901 4351 ur,
1918 4271 1992 4352 xri,
2008 4271 2065 4352 aa,
2082 4271 2137 4352 ao,
2155 4271 2208 4335 m

1386 4379 1440 4460 86,
1458 4379 1512 4460 87,
1530 4381 1586 4460 99,
1601 4381 1677 4460 666,
1693 4381 1768 4461 667,
1782 4383 1864 4464 228,
1881 4383 1960 4464 286,
1977 4383 2056 4465 299,
2070 4383 2208 4466 compl..

1384 4489 1494 4574 bien,
1531 4491 1638 4558 nrm:
1668 4492 1766 4560 llebr.
1799 4511 1866 4561 non
1895 4467 2038 4563 habeto?
2056 4499 2208 4576 εποιησε

1384 4619 1458 4670 θυῖε]
1476 4605 1591 4688 (226),
1615 4605 1670 4686 36,
1691 4607 1749 4688 68,
1774 4608 1829 4689 66,
1855 4607 1914 4690 62,
1939 4609 1994 4690 96,
2018 4609 2098 4689 296,
2115 4625 2148 4690 a,
2164 4609 2206 4675 b'.

1385 4716 1595 4799 Theodoret,
1621 4719 1688 4786 cll.
1714 4719 1761 4786 Gi.
1784 4727 1893 4788 tamen
1918 4727 2031 4788 notem
2056 4718 2206 4805 praeced.

1428 4831 1509 4898 lbtd.
1536 4811 1923 4919 rapodone-sym..-
1946 4843 1975 4899 et
1994 4833 2121 4919 petre
2135 4834 2207 4918 age-

1383 4954 1465 5010 rium
1488 4946 1576 5030 tecit,
1603 4945 1753 5013 llohraeo
1777 4946 1926 5032 propius.

1430 5057 1512 5126 lhid.
1537 5063 1602 5120 καῖ
1622 5059 1800 5147 αρχοντα
1815 5095 1859 5116 -
1877 5059 1972 5127 deest
1995 5073 2072 5128 cum
2097 5057 2204 5126 llehr..

1385 5168 1448 5250 22,
1473 5171 1532 5248 68,
1558 5171 1613 5252 66,
1638 5171 1701 5252 62,
1725 5171 1784 5253 88,
1817 5171 1876 5252 96,
1901 5171 1980 5252 296,
2005 5187 2039 5252 a,
2065 5167 2205 5254 Compl.;

1384 5283 1484 5350 etiam
1507 5285 1550 5351 lll
1574 5283 1745 5367 omiserat,
1770 5285 1829 5353 sed
1854 5283 1960 5370 prima
1983 5301 2104 5352 manus
2127 5299 2205 5366 sup-

1387 5395 1497 5482 plerit.
1575 5419 1580 5430 ·
2200 5449 2203 5452 .

1423 5505 1443 5582 ’ῖ
1468 5511 1498 5577 7.
1524 5483 1896 5595 aestuaremus
1927 5517 2107 5576 meeum
2136 5515 2206 5572 est:

1387 5625 1487 5710 sym:
1511 5624 1546 5689 iu
1567 5625 1813 5692 resurretionem
1827 5623 1915 5710 stein·
1937 5623 2088 5690 llehraeo
2112 5619 2206 5688 amhn

1389 5734 1565 5820 propiores
1589 5751 1689 5820 quam
1704 5735 1807 5804 dxx.
1840 5789 1842 5794 .

1434 5845 1514 5915 loia.
1538 5829 1762 5940 συνετριψεῖ
1775 5881 1817 5896 -
1830 5847 1905 5933 lp:
1925 5847 2206 5934 comtum-spe..-
