4690 6406
512 403 616 467 fido·
666 411 699 470 et
723 403 842 474 semini
864 409 924 474 tuo
946 413 1024 492 post

512 513 627 580 xxiii
669 521 701 582 te
726 521 763 582 nt
786 515 969 584 hereditate
992 531 1072 602 pos

671 625 780 696 sideas
805 633 927 696 terra·
950 643 1049 714 pere-

671 738 866 824 grinationis
890 746 968 808 tuae

672 857 704 916 et
729 859 1010 928 omnemterram

672 979 770 1046 quam
795 961 887 1030 dedit
909 962 992 1032 deos
1016 964 1111 1032 abra·

672 1073 733 1141 bae
757 1073 842 1142 uade
865 1081 941 1142 nate
965 1075 998 1144 in
1023 1091 1079 1161 pa-

671 1201 719 1252 ce·
744 1187 785 1252 Et
809 1185 918 1254 emisit
941 1185 1008 1254 isae

671 1296 766 1364 iaoob
791 1303 824 1363 et
847 1295 928 1365 abiit
950 1297 984 1364 in
1007 1315 1078 1366 me-

670 1407 890 1492 sopotamiam
913 1408 955 1476 ad
977 1409 1023 1476 ia-

672 1519 735 1586 bao
759 1519 864 1587 tilium
887 1519 1021 1589 batbnei

670 1631 737 1715 syri
762 1631 897 1718 tratrem
920 1633 1033 1702 nobee

670 1757 727 1810 rae
750 1741 865 1811 matris
886 1741 982 1812 iaoob

649 1856 689 1922 st
713 1855 836 1923 iactum
859 1861 911 1924 est
934 1873 1039 1942 quan-

670 1967 714 2035 do
737 1966 816 2036 abiit
839 1967 872 2035 in
896 1985 1054 2054 mesopo-

671 2079 803 2148 tamiam
827 2080 1003 2148 contrista-

671 2197 724 2256 tus
747 2195 799 2256 est
823 2189 959 2276 spiritns
982 2207 1035 2258 re-

669 2301 769 2368 beree
793 2305 871 2385 post
894 2301 987 2369 boob
1011 2299 1052 2368 ir-

670 2411 750 2478 lium
774 2429 872 2480 sunm
896 2419 930 2480 et
953 2413 1058 2482 deuit·
1179 2402 1186 2410 ’

647 2527 688 2592 Et
712 2524 793 2593 dixit
815 2525 883 2595 isao
906 2527 948 2596 ad
971 2528 1086 2598 rebec-

669 2616 742 2704 ¹ram
765 2653 862 2706 soror
885 2639 953 2706 noti
976 2639 1037 2708 de·

670 2763 706 2813 re
732 2747 824 2815 iacob
848 2747 952 2816 tilium
975 2767 1087 2818 meum

670 2861 827 2946 quoniam
851 2861 884 2928 in
908 2879 988 2947 paee
1013 2863 1072 2932 ibit

671 2979 705 3040 et
728 2971 761 3038 in
785 2989 866 3058 paee
889 2973 995 3042 rediet

599 3135 605 3148 .
669 3089 702 3150 et
726 3081 808 3150 deus
832 3085 984 3153 excelsus
1008 3103 1082 3154 cus

670 3193 776 3262 todiet
799 3211 876 3264 eum
900 3197 941 3266 ab
965 3199 1056 3266 omni

669 3305 757 3374 malo
782 3313 815 3376 et
839 3307 902 3376 erit
925 3327 1000 3378 rum
1025 3309 1077 3395 ip

669 3435 708 3487 so
733 3425 766 3486 et
789 3436 856 3488 non
880 3419 1026 3490 deretin-

670 3539 749 3618 quet
772 3549 848 3600 eum
873 3535 1026 3603 omnibus
1050 3536 1123 3604 die-

669 3644 731 3714 bus
755 3646 909 3732 quoniam
933 3649 1002 3716 sein
1025 3665 1088 3734 ego

669 3755 758 3840 quod
781 3755 964 3843 dirigentur
986 3775 1060 3826 om·

670 3868 721 3934 nis
746 3867 818 3934 uiae
842 3867 913 3934 eius
937 3869 970 3935 in
987 3885 1058 3936 orn-

670 3975 768 4045 nibus
792 3976 826 4048 in
850 3977 969 4062 quibus
993 3978 1055 4048 iter
1078 3981 1123 4048 ta-

669 4089 734 4156 eiet
757 4105 931 4176 quousque
954 4107 1069 4160 reuer-

670 4203 1068 4292 twmmbm

668 4321 702 4381 et
724 4314 911 4385 uidebimus
934 4335 1011 4386 eum

670 4442 746 4492 eum
769 4442 861 4510 paee·
884 4427 958 4494 b'oii
981 4445 1061 4514 ergo

670 4535 787 4605 timere
810 4536 851 4605 de
876 4538 932 4606 iiio
957 4557 1055 4608 soror

669 4667 742 4719 mea
767 4651 923 4736 quoniam
946 4651 979 4721 in
1004 4654 1056 4722 uia

669 4769 757 4832 reeta
781 4771 833 4834 est
856 4765 974 4834 eterit
998 4783 1073 4853 per-

669 4875 774 4945 ieotus
797 4877 850 4946 uir
872 4895 973 4947 ueras
997 4888 1030 4948 et
1065 4899 1066 4904 ¹

669 5005 736 5056 non
760 4989 1008 5076 derelinquetur

669 5099 737 5168 noti
761 5099 841 5170 dere
864 5109 897 5170 et
921 5119 1041 5172 conso·
1157 5171 1160 5178 ,

669 5212 798 5282 labatur
820 5215 888 5284 isar
903 5209 1026 5285 'rebeo-
1129 5237 1146 5292 ,·

668 5343 737 5394 eam
760 5343 822 5412 pro
846 5327 940 5398 iacob
964 5327 1031 5398 titio
1056 5347 1119 5400 suo

593 5526 596 5542 Ι
669 5445 703 5506 et
726 5436 894 5508 benedixit
917 5459 1005 5510 eum·

645 5551 686 5616 iit
709 5550 981 5638 quadragensimo

668 5665 701 5727 et
724 5667 841 5745 quarto
864 5662 994 5732 iubeteo

1285 221 1461 288 ..32-

1398 401 1495 465 65.o.
1556 399 1589 465 in
1612 413 1699 466 anno
1722 397 1920 484 septimana-

1453 551 1458 562 ·
1556 527 1631 578 rum
1655 509 1801 578 seeundo
1825 509 1927 578 eripit

1553 621 1646 690 iaoob
1669 639 1688 688 a
1712 627 1813 706 poteo
1835 621 1972 698 iuratio-

1449 817 1454 824 ,
1551 721 1972 802 &mmmmm

1535 851 1572 914 Et
1597 845 1731 914 aduenit
1755 845 1789 912 in
1812 845 1932 930 lydiam

1555 977 1638 1046 qnae
1662 966 1713 1026 est
1736 959 1770 1025 in
1794 965 1907 1028 monte

1553 1074 1633 1140 bueo
1656 1079 1708 1138 est
1731 1069 1842 1138 bethel
1866 1069 1900 1137 in

1553 1183 1660 1268 primo
1684 1181 1737 1250 die
1760 1182 1886 1250 mensis

1551 1295 1651 1388 primi
1675 1285 1934 1380 septimanarum

1552 1407 1650 1474 buius
1674 1412 1708 1474 ot
1731 1405 1865 1474 aduenit
1888 1403 1922 1472 iu

1554 1519 1665 1586 iorum
1687 1535 1828 1604 uespera
1852 1525 1886 1586 et

1554 1633 1698 1700 deuertit
1721 1649 1740 1699 a
1763 1631 1817 1698 uia
1840 1629 1883 1698 ad
1906 1647 1964 1698 oo·

1553 1762 1688 1813 causum
1713 1741 1841 1812 itineris
1865 1741 1899 1810 in

1555 1857 1615 1925 bac
1639 1863 1738 1925 noete
1762 1854 1920 1924 dorminit

1433 1953 1436 1962 ’
1552 1967 1596 2034 ibi
1620 1966 1788 2036 deciderat
1811 1965 1901 2036 enim

1555 2080 1604 2147 soi
1629 2085 1663 2146 ot
1686 2079 1851 2166 aoeipiens
1874 2078 1916 2146 de

1553 2189 1716 2275 lapidibus
1740 2189 1804 2258 loci
1827 2188 1916 2258 iliius

1549 2303 1725 2387 supposuit
1748 2301 1790 2368 ad
1814 2307 1912 2386 eaput

1549 2413 1610 2482 sibi
1635 2415 1697 2482 sub
1721 2415 1840 2482 arbore
1863 2420 1897 2481 et

1553 2527 1623 2611 ipse
1647 2535 1717 2594 erat
1741 2527 1886 2612 singula-

1552 2637 1598 2706 ris
1621 2639 1830 2706 iterfaciens
1854 2644 1887 2706 et

1551 2750 1719 2818 dormiens
1742 2749 1805 2818 sibi
1829 2749 1971 2818 somnia·

1547 2864 1596 2932 uit
1620 2865 1653 2930 in
1677 2869 1775 2932 noete
1799 2861 1854 2931 ilia

1527 2979 1568 3046 Et
1593 2993 1670 3044 eece
1695 2977 1788 3044 sonia¹
1804 2982 1913 3044 ereata

1454 3091 1479 3154 o.
1551 3095 1622 3156 erat
1645 3105 1747 3174 super
1770 3087 1892 3156 te'rram

1552 3207 1585 3268 et
1609 3206 1708 3286 eaput
1731 3200 1802 3270 eius
1826 3215 1947 3286 perne-

1552 3311 1664 3380 niebat
1688 3312 1722 3378 in
1748 3311 1876 3380 eaelum

1530 3427 1570 3493 Et
1594 3441 1670 3493 ecee
1693 3423 1801 3509 angeli
1825 3424 1878 3492 dei
1901 3441 1955 3490 as·

1550 3535 1735 3605 condebant
1758 3541 1792 3603 et
1815 3536 1893 3603 des·
2025 3605 2032 3614 ,

1549 3647 1733 3716 condebant
1755 3663 1816 3732 per
1839 3646 1945 3732 ipsam

1546 3767 1579 3829 et
1602 3757 1757 3826 dominus
1779 3755 1989 3826 incumbebat

1544 3873 1648 3940 inea·
1673 3873 1715 3938 Et
1738 3870 1870 3938 locutus
1896 3877 1948 3938 est

1543 4000 1618 4051 oum
1642 3983 1734 4052 iaoob
1758 3991 1793 4050 et
1815 3982 1896 4050 dixit

1542 4111 1603 4179 ego
1628 4109 1702 4162 sum
1725 4091 1879 4162 dominus
1907 4093 1990 4162 deus
2015 4095 2111 4164 abra·

1542 4207 1618 4274 bam
1641 4205 1743 4292 patris
1767 4206 1815 4274 tui
1838 4213 1872 4274 et
1895 4205 1978 4274 deus
2011 4273 2014 4280 A

1546 4318 1613 4386 isac
1636 4325 1758 4386 terram
1781 4324 1892 4386 autem

1546 4433 1578 4497 in
1602 4447 1665 4516 qua
1688 4437 1725 4498 tu
1748 4430 1895 4500 ordomis
1918 4430 1966 4517 ip-

1546 4560 1616 4610 sam
1640 4542 1698 4612 tibi
1722 4542 1808 4612 dabo
1832 4549 1939 4612 etse

1544 4654 1624 4722 mini
1648 4661 1707 4722 tun
1732 4661 1807 4740 post
1832 4659 1921 4722 teet
2043 4691 2049 4700 ·

1545 4769 1608 4836 erit
1631 4785 1745 4836 semen
1769 4775 1863 4836 tuum

1547 4881 1633 4949 siout
1656 4879 1778 4948 barena
1802 4887 1910 4948 terrae

1546 4999 1580 5062 et
1603 4991 1781 5060 abundabit
1804 5009 1905 5077 super

1547 5121 1637 5172 mare
1662 5111 1695 5172 et
1718 5104 1878 5173 orientem
1902 5109 1935 5172 et

1546 5217 1808 5302 septentrionem
1832 5223 1865 5286 et

1544 5335 1693 5396 austrum
1717 5337 1750 5396 et
1772 5329 1871 5398 bene-

1544 5441 1695 5510 dicentur
1718 5431 1751 5510 in
1776 5449 1809 5512 te
1833 5458 1902 5510 om-

1541 5569 1601 5621 nes
1625 5553 1731 5624 tribus
1754 5561 1861 5623 terrae
1885 5560 1919 5622 et

1540 5667 1572 5734 in
1597 5667 1721 5736 semine
1746 5675 1811 5738 tuo·
1827 5675 1860 5736 et
1884 5685 1962 5737 eoos
2053 5687 2060 5704 ¹
