4690 6406
560 201 872 363 nnronnnm
922 203 1303 366 ttsstnnno'ns
1350 265 1503 368 costr

333 778 388 863 qni
412 785 462 846 est
486 779 536 848 bis
560 780 696 849 millesi-

332 909 406 960 mus
428 899 461 958 et
486 892 683 977 quingente-

332 993 433 1072 simns
457 1023 563 1074 annus
588 1025 606 1073 a
631 1025 723 1076 crea-

332 1125 401 1184 tura
427 1119 518 1187 orbis
543 1127 650 1190 terrae

331 1245 403 1298 nam
428 1251 526 1301 secus
550 1235 605 1320 qni
631 1235 664 1302 in
690 1235 758 1304 ori-

331 1351 405 1412 ente
430 1351 508 1414 sunt
533 1364 692 1416 numerus

331 1475 515 1524 ...mus
540 1466 573 1526 et
598 1479 616 1525 ·.
644 1513 651 1528 .
677 1479 752 1529 mus

329 1578 361 1637 et
387 1589 404 1638 ·.
431 1625 438 1639 .
466 1626 472 1638 .
500 1625 506 1638 .
533 1591 617 1640 mus·
644 1576 775 1659 proiec-

331 1683 429 1750 tionis
453 1685 580 1768 tynicts·
607 1705 683 1756 cum

329 1797 430 1864 exinit
454 1799 551 1882 plebs
577 1807 656 1885 post

329 1910 567 1992 profectionem
592 1928 675 1996 quae

329 2021 425 2090 fiebat
448 2041 508 2108 per
531 2041 684 2106 mosysen

329 2153 432 2221 usqne
456 2155 587 2204 amman
612 2145 702 2206 trans

328 2247 497 2316 iordanem
521 2252 679 2335 profetiae

329 2361 519 2445 quaefacta
544 2371 595 2432 est
619 2383 636 2432 a
661 2383 751 2450 moy-

326 2493 385 2540 sen
409 2473 441 2542 in
466 2475 551 2544 libro
576 2477 693 2546 deute-

329 2588 479 2656 ronomio
502 2589 559 2676 qni
583 2609 681 2658 uoca-

329 2701 779 2774 mmmmmffim·

328 2834 411 2884 nane
435 2817 605 2885 hominem
628 2837 708 2904 pro-

329 2929 441 2998 batum
465 2931 601 3000 domino
626 2941 663 3000 nt
687 2935 729 3001 sit

328 3061 501 3112 successor
524 3045 612 3131 plebi
637 3052 670 3113 et

226 3211 232 3222 .
326 3175 424 3225 scene
449 3159 638 3226 testimonii

328 3289 402 3338 cnm
419 3271 573 3340 omnibus
590 3275 713 3340 sanctis
730 3274 817 3341 iiiins

329 3391 363 3452 nt
387 3394 420 3453 et
445 3385 578 3454 inducat
602 3389 734 3472 plebem

328 3497 360 3563 in
386 3505 506 3566 terram
532 3499 643 3567 datam
667 3519 707 3568 ex

328 3609 433 3678 tribus
457 3629 575 3679 eornm
598 3621 635 3681 ut
660 3615 719 3682 de-

328 3729 382 3788 tur
405 3723 469 3791 iliis
494 3741 555 3808 per
579 3731 757 3794 testamen-

330 3841 408 3902 tum·
433 3843 466 3904 et
491 3853 551 3921 per
574 3837 738 3905 iusiuran-

328 3947 407 4014 dum
432 3948 521 4033 qnod
545 3949 677 4018 locutos

330 4067 379 4126 est
404 4059 435 4126 in
461 4078 579 4129 scenae
603 4063 681 4130 dare

330 4173 370 4240 de
393 4173 509 4242 iesum·
544 4175 685 4244 dicendo
709 4179 748 4244 an
774 4178 878 4246 iesum

331 4288 469 4356 uerbum
494 4289 557 4357 hoc
581 4297 614 4358 ot
637 4309 716 4376 pro-

330 4401 422 4469 mitte
447 4419 545 4472 secus
569 4402 682 4471 indus-

331 4513 426 4580 triam
453 4521 542 4582 tuam
562 4517 678 4584 omnia
749 4537 754 4546 ·

333 4643 415 4710 quae
439 4627 591 4696 mandata
615 4639 693 4698 sunt

333 4744 369 4804 ut
392 4739 491 4807 iacias
514 4743 672 4826 quemad-

333 4852 468 4920 modum
491 4855 563 4954 sine
587 4873 684 4940 quae-

334 4963 447 5032 rellam
471 4977 522 5035 est
545 4969 621 5038 ideo
646 4970 725 5038 hacc

333 5077 411 5146 dicit
435 5080 705 5152 dominns-orbis
731 5093 795 5152 ter·

332 5211 441 5260 raram

312 5305 443 5372 tlreanit
467 5307 555 5376 enim
580 5309 695 5378 orbem

334 5425 495 5488 terrarum
520 5430 657 5507 propter

335 5533 463 5616 piebem
487 5530 583 5604 suam
605 5543 638 5604 et
662 5556 729 5604 non

335 5647 442 5731 coepit
466 5665 539 5716 eam
564 5649 728 5735 inceptio-

335 5775 410 5826 nem
435 5771 603 5832 creaturae

1069 450 1141 514 ΙΙΙ.
1159 469 1188 514 n.
1222 455 1255 518 et
1280 449 1320 516 ab
1338 439 1437 516 'initio
1462 447 1552 516 orbis
1578 457 1645 518 ter·
1707 537 1710 544 Δ

1222 579 1332 629 rarum
1357 563 1463 647 palam
1487 563 1575 630 iace-

1224 692 1260 740 re
1284 681 1321 742 ut
1345 675 1377 742 in
1402 669 1609 761 eamge‘ntes

1194 791 1200 806 ·
1222 795 1404 870 arguantur
1428 795 1460 856 et
1484 789 1594 857 hnmi-

1223 899 1299 966 iiter
1322 899 1409 968 inter
1432 919 1467 968 se
1492 901 1608 986 dispu-

1160 1009 1166 1020 '
1223 1007 1402 1076 tationibus
1427 1017 1565 1094 arguant

1223 1139 1259 1188 se
1285 1121 1394 1208 itaque
1419 1123 1619 1207 excogitauit

1225 1241 1257 1301 et
1282 1233 1409 1303 inuenit
1432 1253 1485 1302 me
1509 1235 1564 1320 qni
1589 1237 1628 1302 ab

1222 1347 1317 1416 initio
1343 1349 1434 1416 orbis
1460 1355 1564 1416 terra-

1224 1479 1298 1530 rnm
1323 1470 1538 1548 praeparatus
1562 1481 1636 1530 sum
1737 1557 1747 1568 ¹

1224 1583 1260 1642 ut
1284 1575 1347 1642 sim
1372 1575 1495 1644 arbiter
1519 1583 1618 1642 testa-

1219 1686 1324 1754 menti
1348 1687 1437 1756 illins
1461 1695 1495 1754 et
1521 1693 1599 1759 tnnc

1222 1799 1331 1883 palam
1352 1799 1438 1884 iccio
1460 1799 1521 1886 tibi
1547 1801 1620 1885 qnia

1221 1901 1488 1979 consummatum
1513 1921 1563 1979 est

1225 2033 1357 2122 tempus
1381 2041 1542 2091 annornm

1218 2136 1307 2203 uitae
1330 2153 1423 2204 meac
1448 2143 1481 2203 et
1506 2143 1594 2203 tran-

1218 2249 1270 2316 sio
1294 2250 1328 2316 in
1348 2249 1583 2320 dormitionem

1154 2371 1156 2378 ⁴
1218 2369 1352 2447 patrum
1376 2353 1540 2432 meorum'

1218 2481 1253 2540 et
1277 2471 1385 2558 pilam
1409 2491 1543 2544 omnem
1568 2478 1640 2561 pic-

1145 2646 1152 2658 .
1215 2587 1292 2656 bem
1451 2595 1562 2657 antem
1652 2608 1658 2622 ⁸

1217 2699 1352 2786 percipe
1376 2702 1572 2771 scribturam

1214 2815 1566 2902 mmmmmm

1180 2917 1183 2924 ’
1217 2919 1356 2996 cendam
1374 2931 1571 3016 tutationem

1217 3041 1379 3112 librorum
1404 3061 1488 3130 qnos
1514 3045 1572 3114 tibi

1122 3207 1129 3219 .
1216 3157 1343 3224 tradam
1367 3175 1451 3243 qnos
1476 3159 1610 3226 ordina·

1218 3269 1269 3336 bis
1293 3279 1326 3338 et
1350 3271 1535 3339 chedriabis
1562 3281 1595 3338 et
1693 3279 1695 3284 '

1214 3385 1349 3468 reponis
1373 3385 1406 3452 in
1431 3384 1521 3450 nasis
1546 3383 1605 3450 flc-

1218 3496 1331 3563 titicus
1357 3496 1389 3562 in
1415 3497 1489 3564 loco
1515 3513 1613 3581 quem

1141 3629 1144 3638 ¹
1217 3608 1294 3676 iecit
1318 3611 1358 3678 ab
1382 3607 1477 3675 initio
1502 3625 1593 3676 crea-

1217 3729 1310 3788 turae
1335 3721 1425 3788 orbis
1450 3727 1555 3788 terra-

1216 3853 1291 3902 rum
1316 3841 1352 3904 ut
1376 3835 1552 3904 inuocetur

1217 3964 1339 4014 nomen
1364 3947 1452 4017 iilius
1478 3935 1583 4033 nsque

1218 4059 1251 4126 in
1275 4061 1363 4128 diem
1387 4061 1605 4146 paenitentiae

1216 4173 1249 4239 in
1274 4179 1428 4258 respectu
1452 4191 1519 4258 quo

1148 4305 1151 4320 ·
1215 4287 1350 4372 respicit
1374 4287 1450 4355 illos
1474 4287 1629 4356 dominns

1218 4400 1251 4466 in
1277 4399 1534 4468 consummatio-

1216 4533 1257 4580 ne
1283 4515 1393 4584 nnitus
1418 4515 1548 4584 dierum

1423 4627 1594 4697 intrabunt

1216 4759 1277 4824 per
1303 4749 1332 4808 tc
1358 4741 1391 4808 in
1417 4747 1540 4808 terram

1218 4871 1318 4939 qnam
1342 4851 1491 4921 decreuit
1513 4859 1548 4920 et

1218 4965 1372 5051 promisit
1396 4963 1474 5032 dare
1499 4981 1558 5050 pa-

1220 5079 1325 5148 tribus
1351 5095 1481 5148 corum·
1506 5077 1539 5146 in
1563 5095 1627 5163 qna

1219 5201 1256 5260 tn
1280 5192 1448 5262 benedicis
1471 5199 1506 5262 et
1529 5191 1588 5262 da-

1216 5291 1268 5375 his
1292 5307 1469 5392 unicnique
1495 5313 1527 5374 et
1552 5313 1615 5374 sta·

1101 5457 1105 5466 ·
1216 5423 1326 5490 nittots
1350 5421 1398 5490 eis
1423 5427 1548 5489 cortem

1210 5537 1252 5608 ,in
1279 5553 1330 5602 me
1355 5543 1388 5604 et
1413 5534 1580 5604 constabi-

1220 5649 1295 5716 iibis
1319 5649 1366 5716 cis
1391 5665 1531 5734 regnum

1219 5769 1253 5830 ot
1277 5761 1466 5846 magisteria
1490 5761 1578 5830 ioco
