4690 6406
437 319 553 384 tide.
591 333 667 387 nam
689 315 839 404 accipere
862 321 896 385 et
919 333 992 386 mo·

435 432 568 498 xxxttt
592 449 672 502 nera
695 439 729 502 et
752 430 858 500 indica
881 429 946 500 illis

593 561 764 614 sermones
789 551 888 613 testa-

592 657 695 728 menti
717 657 815 726 huios
840 664 876 724 ut
895 675 954 725 au-

593 771 684 842 diant
708 778 742 840 et
765 771 945 841 adtendant

592 886 634 954 ab
657 883 738 972 ipsis
761 891 799 952 ot
822 900 889 952 non
914 901 971 969 pe·

594 1004 688 1066 roant
711 1003 745 1066 et
769 1013 836 1066 noo
860 995 969 1066 eradi·

595 1111 758 1182 rabuntur
780 1111 822 1180 de
847 1118 933 1178 terra

592 1221 840 1310 propterquod
865 1222 998 1290 inmon-

593 1335 673 1404 ditia
697 1343 732 1404 et
755 1333 956 1404 abominatio

541 1467 565 1506 ⁶.
594 1455 627 1518 et
651 1448 765 1518 odium
789 1456 823 1518 et
847 1448 987 1536 pollutio

597 1561 687 1631 omni
711 1563 767 1650 qui
791 1562 914 1632 iaciunt
938 1579 976 1632 ea

597 1693 700 1762 super
723 1683 810 1744 terra
834 1675 866 1744 in
891 1691 990 1744 oons-

597 1793 695 1872 oeetu
719 1786 772 1856 dei
797 1785 897 1854 nostri

499 1955 504 1963 ,
575 1902 690 1969 otest
714 1907 886 1985 peceatum

594 2029 749 2099 magnum
773 2031 876 2100 super
899 2019 967 2082 ter-

596 2143 666 2195 ram
690 2127 846 2212 qnoniam
871 2143 979 2213 ponu-

595 2241 647 2310 tos
670 2247 806 2309 sanctos
829 2246 882 2308 est
905 2239 1039 2310 istrahel

595 2352 731 2422 domino
755 2352 819 2422 deo
843 2369 904 2458 suo
929 2359 963 2422 et
987 2353 1081 2439 plebs

598 2467 698 2538 sortis
722 2473 831 2536 estet
855 2483 963 2553 popu·

596 2582 648 2651 ius
670 2578 885 2650 sacerdotalis

598 2700 706 2764 estet
729 2691 848 2777 regalis
872 2698 906 2760 et
929 2709 1020 2762 sano-

598 2803 786 2874 tifloationis
810 2811 844 2872 et
868 2821 935 2874 ooo

599 2924 650 2988 est
673 2915 870 3014 inmunditia
894 2915 926 2984 in

503 3087 508 3098 .
597 3029 708 3100 medio
732 3027 846 3116 popuii
870 3029 974 3098 saneti
1105 3012 1109 3020 ⁴

597 3149 631 3211 et
652 3143 687 3212 in
711 3159 798 3212 anno
822 3141 921 3210 tertio
944 3159 1021 3228 seo-

598 3255 796 3324 timanarum
820 3254 919 3324 huius

600 3369 685 3440 sexti
710 3375 781 3438 erat
804 3367 876 3439 iens
900 3367 994 3438 iacob

608 3489 641 3551 at
665 3499 783 3552 omnes
805 3482 864 3552 tilii
887 3483 939 3552 sui
962 3491 996 3552 et
1110 3463 1115 3474 ’

576 3594 867 3664 ‘inhabitaoerunt
889 3595 923 3663 in

598 3709 692 3779 barin
715 3709 872 3780 abraham
895 3709 965 3779 ion-

599 3835 632 3896 ta
654 3827 723 3896 isao
745 3835 875 3913 patrem
896 3845 991 3896 naum

600 3950 634 4010 et
657 3941 829 4010 rebeccam
851 3951 982 4010 matrem
1082 3953 1085 3960 ·

604 4071 698 4122 suam
724 4055 811 4124 Haeo
833 4061 1044 4124 enatantem
1164 4131 1170 4144 ,

601 4165 734 4234 nomina
758 4165 904 4236 tiliorum

599 4273 694 4342 iacob
718 4273 960 4360 primogenitos

600 4387 706 4456 moen
729 4403 868 4472 symeon
891 4386 981 4458 leont

601 4481 703 4570 ruoas'
717 4500 848 4570 isachar
870 4501 969 4588 nno-

603 4614 660 4682 ion
684 4612 742 4681 titii
766 4612 829 4682 tiae

1111 111 1117 122 '
1208 133 1389 196 -ee-

1323 314 1437 381 itio.
1479 312 1702 384 adorauerunt
1725 313 1792 384 isac·

1480 433 1514 494 et
1537 427 1707 496 rebeoeam
1732 437 1765 496 et
1789 427 1904 498 uiden·

1483 549 1533 609 tes
1557 557 1616 609 eos
1641 540 1882 610 benedixerunt

1479 654 1572 722 iacob
1596 653 1770 724 et'omoos
1795 657 1882 726 idios

1476 766 1546 836 eius
1569 774 1602 835 et
1626 767 1761 852 gauisus
1786 776 1837 836 est

1480 880 1548 950 isac
1571 881 1668 950 ualde
1692 880 1850 967 qnoniam

1481 991 1565 1062 uidit
1589 993 1674 1062 iiiios
1701 993 1793 1062 iacob
1811 993 1870 1062 filii

1481 1105 1532 1174 sui
1556 1105 1696 1176 inertioris
1719 1114 1753 1174 et
1777 1107 1880 1176 bene·
1999 1165 2006 1175 .

1323 1221 1452 1288 xxxiv
1481 1217 1564 1288 dixit
1587 1237 1646 1288 eos
1671 1223 1711 1290 Et
1735 1223 1878 1306 quadra·

1482 1331 1631 1418 gensimo
1655 1341 1774 1420 quarto
1799 1317 1894 1406 inoe-

1419 1491 1425 1502 -
1484 1445 1537 1513 ieo
1553 1444 1586 1512 in
1610 1463 1697 1514 anno
1723 1455 1818 1515 serto

1483 1557 1742 1642 septimanarum
1768 1559 1867 1630 huitrs

1482 1671 1574 1740 misit
1599 1671 1693 1740 iacob
1717 1672 1804 1740 fiiros
1821 1691 1901 1742 suos

1482 1793 1518 1855 ot
1542 1793 1716 1874 pascerent
1740 1805 1823 1856 oues

1483 1905 1619 1969 suaset
1644 1917 1767 1986 pueros
1792 1918 1873 1970 snos

1483 2032 1558 2083 eum
1583 2013 1664 2100 ipsis
1688 2031 1842 2100 eampum
1866 2032 1921 2099 sy-

1480 2127 1583 2197 cimae
1608 2136 1641 2196 et
1664 2145 1829 2198 conuene-

1484 2248 1562 2310 runt
1586 2259 1645 2310 eos
1669 2249 1798 2328 septem
1823 2259 1878 2311 re·

1483 2372 1540 2442 ges
1564 2373 1793 2424 amorreorum
1819 2361 1852 2423 et

1483 2465 1643 2536 sederunt
1666 2466 1699 2534 in
1725 2463 1839 2534 iocum

1478 2587 1516 2650 nt
1540 2581 1764 2650 interficerent
1789 2599 1848 2650 eos

1480 2699 1514 2762 et
1538 2703 1575 2760 ot
1599 2693 1837 2778 praedarentur

1481 2825 1563 2876 ooee
1588 2807 1736 2894 ipsorum
1763 2861 1770 2877 .
1797 2861 1804 2878 .
1832 2863 1839 2879 .
1867 2863 1873 2878 .

1483 2919 1576 2988 iacob
1599 2928 1710 2990 antem
1735 2927 1768 2988 et
1793 2921 1883 2990 leoni

1388 3089 1394 3102 ,
1484 3039 1518 3102 et
1542 3032 1637 3102 indas
1659 3042 1693 3104 et
1716 3034 1834 3120 ioseph

1482 3152 1582 3214 erant·
1601 3144 1633 3213 in
1658 3145 1728 3214 bari
1753 3163 1850 3216 seems

1485 3259 1553 3328 isan
1577 3266 1706 3343 narrem
1730 3275 1855 3328 soom·

1487 3372 1643 3460 quoniam
1667 3373 1852 3460 pusitiiani·

1484 3486 1548 3556 mis
1571 3494 1642 3557 orat
1664 3487 1802 3574 spiritns
1826 3487 1898 3558 aios
1922 3497 1954 3556 et

1485 3617 1554 3668 non
1577 3607 1732 3686 poterant
1756 3617 1833 3670 eom

1487 3711 1719 3799 derelinquere
1743 3721 1777 3782 et

1486 3825 1653 3895 beniamin
1676 3833 1747 3894 erat
1772 3825 1856 3895 iuni-

1485 3955 1525 4008 or
1547 3945 1687 4026 propter
1709 3938 1774 4010 hoe
1797 3955 1847 4007 re

1487 4059 1653 4120 manserat
1675 4067 1751 4122 eom
1776 4069 1831 4138 pa·

1485 4171 1537 4234 tre
1557 4180 1634 4234 eoo·
1659 4163 1700 4234 Et
1725 4165 1824 4234 adue

1486 4283 1608 4346 nerunt
1631 4293 1727 4362 reges
1751 4277 1819 4346 sai·

1486 4389 1519 4458 io
1543 4397 1578 4458 et
1600 4407 1659 4458 rex
1682 4407 1760 4460 areo
1783 4397 1816 4459 et

1486 4519 1544 4572 rex
1568 4519 1706 4589 saragan
1730 4509 1765 4572 et
1788 4519 1846 4572 rer

1486 4615 1550 4688 siin
1573 4623 1608 4686 et
1631 4634 1688 4686 rex
1714 4633 1791 4703 gaas

579 4729 621 4796 tit
643 4727 702 4796 titii
724 4727 835 4800 raohei
858 4729 975 4816 ioseph
1486 4735 1520 4796 et
1543 4745 1602 4796 rex
1625 4728 1730 4798 boton
1760 4733 1795 4796 et

606 4847 640 4912 et
662 4841 829 4912 beniamin
1486 4857 1545 4910 rer
1569 4855 1760 4910 manesaear
1782 4848 1816 4908 et

580 4957 621 5024 iit
644 4954 701 5024 diii
724 4956 831 5026 batiae
854 4953 918 5025 dan
942 4964 975 5024 et
1487 4951 1638 5024 uniuersi
1660 4953 1718 5040 qui
1741 4951 1869 5022 inhabi-

603 5067 771 5154 neptaiim·
1484 5073 1556 5136 tant
1579 5073 1735 5136 montana
1758 5073 1793 5136 et

580 5181 622 5249 tn
644 5179 701 5248 filii
725 5180 827 5250 aeliae
851 5179 913 5266 gad
1489 5179 1544 5266 qui
1570 5177 1808 5248 inhabitaatio

604 5301 638 5364 et
662 5311 738 5363 aser
1488 5293 1572 5362 iocis
1596 5291 1628 5360 in
1653 5298 1741 5362 terra
1765 5309 1817 5362 ca-

604 5409 645 5475 Et
669 5407 748 5476 dina
771 5407 837 5476 otta
860 5406 924 5478 tiae
948 5407 1013 5475 sin·
1491 5421 1575 5474 nean
1597 5412 1633 5474 et
1655 5403 1835 5477 indicatum

606 5519 730 5607 guiaris
755 5521 820 5590 titia
843 5519 937 5592 iaooo
1488 5527 1540 5588 eet
1563 5515 1658 5588 iacob
1681 5517 1837 5604 qnoniam

582 5635 622 5700 ot
644 5631 860 5704 aduenientes
882 5633 928 5701 iii
1491 5649 1569 5702 eece
1592 5645 1689 5718 regas
1712 5645 1818 5702 amor·
1930 5679 1947 5702 ,
