4594 6452
20 717 22 800 ί

860 247 1136 317 -ίέῚ-’

106 397 237 494 ξανδρίων
251 399 402 482 ἐκκλησία
416 397 563 464 ἐκέλευσε·
578 391 720 488 δευτέραν
734 399 915 490 ἐπιουρρόιπ-

105 537 190 582 τουσιν
205 505 353 583 διαθολήν
367 522 425 588 τῆς
445 510 592 601 προτέρας
606 511 735 602 χείρονα,
751 512 799 576 ὅτι
813 509 912 578 Ἀθα.

20 687 21 692 ,
106 627 199 704 νότιος,
212 623 411 706 ἐπεβουλεθων
426 635 488 698 τοῖς
509 633 565 688 τοῦ
588 623 735 706 βασιλέως
756 623 911 718 aposta-Q.

106 763 177 828 μασι,
192 735 362 824 Φιλουμένω
376 736 445 818 τινί,
461 736 543 824 φησί,
558 735 773 825 γλωσσόκομον
796 733 912 826 έπεμψε

105 857 202 940 πλήρις
231 849 352 939 χρυσίου
382 847 455 937 πρός
485 848 662 912 ἀντίστασιν
684 857 738 913 τοῦ
765 841 913 924 όασιλέως

106 961 325 1026 Κωνσταντίνου·
349 959 457 1048 τρίτον,
472 955 613 1050 Ἰσχψρσς
633 983 679 1036 τις
701 960 780 1026 οθτω
801 962 915 1032 καλοίη

106 1097 178 1164 μενος
198 1082 328 1164 πρᾶγμα
342 1063 438 1136 ὑπέδυ
460 1075 582 1136 πολλῶν
598 1069 737 1138 θανάτων
758 1061 849 1149 ἄξιον·
864 1079 911 1138 οὐ·

107 1177 177 1252 δέπω
190 1184 247 1274 γάρ
269 1206 348 1250 ποτε
371 1182 525 1273 ίερωσθνης
538 1183 649 1274 τυχὼν,
664 1184 701 1248 τό
716 1193 770 1249 τοῦ
785 1186 913 1276 πρεσβυ-

20 1305 21 1310 ’
106 1297 178 1386 πόρου
198 1296 291 1384 ὄνομα
315 1303 415 1376 ἐαυτῷ
437 1291 572 1386 περιθείς,
590 1296 633 1360 τοὶ
649 1295 745 1386 ἀρέων
767 1296 912 1388 πράττων

107 1409 257 1496 ἐτόλμησεν
279 1413 311 1472 ἐν
334 1419 402 1482 ταῐς
424 1405 539 1496 κόμαις
560 1417 616 1474 τοῦ
646 1409 808 1502 λεγομένου
840 1419 911 1476 Μα-

106 1520 207 1610 ρεόπου
228 1525 260 1586 ἐν
281 1519 382 1600 τοίιτῳ
407 1513 448 1590 δὴ
471 1521 524 1584 καί
546 1526 563 1584 ό
587 1517 672 1612 ἅγιος
694 1517 872 1606 Ἀθανάοιος
894 1531 913 1586 ό

107 1635 258 1710 ἐπίσκοπος,
273 1625 464 1698 καταλαθὼν
478 1630 531 1696 τόν
547 1631 723 1724 Μαρεώτου,
737 1632 795 1708 τοὶς
815 1639 911 1698 ἐκεῖσε

108 1745 253 1820 ἐκκλησίας
274 1742 492 1821 ἐπεσκέπτετο,
507 1745 560 1808 καὶ
582 1742 687 1833 μαθὼν
701 1744 744 1808 τοὶ
767 1747 832 1836 περί
847 1741 910 1810 ’ἐσ-

109 1855 188 1944 χόραν
208 1855 393 1922 ἀποστέλλει
412 1855 566 1946 Μακάρων
580 1855 633 1922 τόν
655 1859 819 1923 ἐπίσκοπον
835 1865 910 1924 ἐπο-

108 1975 227 2043 πτεῦσαι,
250 1973 276 2032 εί
299 1965 402 2037 ἀληθῆ
425 1967 481 2032 είοί
503 1967 546 2034 τοὶ
568 1967 733 2058 λεγόμενα,
757 1968 823 2036 ὅθεν
846 1992 910 2061 φω-

109 2077 190 2168 ραθείς
217 2075 413 2169 όἸσχίιρας,
444 2071 580 2169 ἀποδράς
602 2079 734 2165 ἐκεῖθεν,
763 2092 844 2174 φυγῇ
874 2105 911 2148 τε

108 2191 200 2272 ἀπόνῳ
221 2191 417 2282 χρησάμενος,
440 2192 677 2283 καταλαμβάνει
697 2193 765 2265 τήν
777 2204 909 2286 Νικομη-

109 2291 186 2382 δείεν,
207 2305 258 2368 καί
279 2304 458 2396 προσφεόγτι
473 2317 536 2380 τοῖς
557 2307 625 2396 περὶ
647 2307 796 2390 Εὐσέβιον.
823 2311 861 2378 Οί
876 2301 930 2375 δὲ’

109 2415 173 2502 μίσει
197 2425 239 2498 τῷ
268 2417 340 2506 πρὸς
361 2412 540 2482 Ἀθανάσιον
563 2409 707 2508 δέχονται
736 2421 790 2509 μὲν
819 2423 910 2488 αὐτόν

108 2527 362 2618 ὡςπρεσβότερον,
384 2529 633 2620 ἐπαγγέλλονται
657 2515 699 2597 δὲ’
714 2535 767 2598 καί
790 2544 831 2621 τῇ
854 2547 911 2611 τῆς

107 2646 255 2716 ἐπισκοπῆς
277 2632 351 2723 ἀξία
365 2651 503 2730 τιμῆσαι,
519 2643 783 2736 είγεκοιτηγόρίαν
805 2647 911 2720 ἐνστή-

107 2749 203 2815 σασθαι
217 2751 301 2816 κατοὶ
316 2750 497 2820 Ἀθανασίου
512 2745 661 2830 ἀνέξεται.
677 2755 716 2822 '0
733 2750 768 2825 δέ
784 2759 910 2828 καττθει

106 2873 203 2942 ταῦτα,
216 2865 263 2928 ότι
285 2863 439 2955 Μακάριος
456 2871 496 2942 ὡς
518 2866 714 2958 πρεσβύτσρος
728 2866 910 2936 Ἀθανασίου

107 2977 284 3052 ἀποσταλείς,
299 2977 380 3065 φησὶ,
395 2977 481 3068 παρὰ
495 2974 686 3058 Ἀθανασίου,
701 2975 808 3070 ἔφοδον
823 2975 921 3055 ποιή-χ
948 3007 951 3012 ’

105 3111 152 3164 σας
170 3095 198 3154 ἐν
219 3098 259 3176 τῇ
283 3091 433 3171 ἐκκλησία
456 3095 540 3178 ἡμῶν
564 3095 594 3154 ἐν
614 3099 659 3172 τῷ
682 3092 841 3182 Μαρεόνοιρ,
857 3097 911 3162 καί

105 3195 278 3280 εἰσπηδήσας
306 3209 346 3278 είς
367 3203 405 3268 τό
437 3201 664 3294 θυσιαστήριον,
688 3204 829 3298 ἀνέτρεψε
856 3193 910 3299 μέν

106 3313 153 3384 τἠν
173 3307 325 3404 τράπεζαν
347 3315 405 3388 τήν
428 3317 535 3408 ἁγίαν,
557 3315 701 3408 ποτήριόν
716 3341 752 3386 τε
774 3313 910 3400 κατέαξε

106 3428 243 3514 μυστικόν,
258 3429 312 3494 καί
326 3427 369 3494 τοὶ
391 3427 454 3518 ίερά
477 3419 587 3510 όιβλία
605 3427 786 3498 κατέκαυσε.
804 3441 910 3500 Ταῦτα

108 3541 151 3604 καί
164 3540 202 3606 τιὶ
215 3551 346 3608 τοιαῦτα
360 3539 414 3606 τόν
429 3535 561 3608 όαοιλέα
577 3533 768 3610 διδάσκουσιν
783 3554 810 3608 οε
824 3549 910 3636 προρ·

109 3651 228 3738 ῥηθέντες
248 3653 416 3746 κατήγοροι
447 3647 500 3720 διαὶ
522 3663 582 3718 τῶν
605 3655 672 3744 περί
695 3654 835 3738 Εὑσέβιον
858 3657 912 3724 τόν

111 3757 313 3852 Νικομηδείοις,
336 3772 377 3842 είς
406 3765 498 3856 ὀργήν
528 3775 688 3850 κινοῦντεςι
706 3767 796 3834 αὐτόν
827 3771 912 3838 κατά

111 3869 282 3958 ’ἀθανασίοα
296 3881 351 3946 καί
373 3879 421 3946 ότι
440 3877 477 3944 τό
501 3877 576 3944 θετον
600 3880 728 3970 γράμρέα
752 3873 913 3972 δεξάμενος

109 3993 138 4052 ολ
156 3989 335 4080 προσήκατο,
358 3993 410 4058 καί
432 3989 548 4083 Ἀρειον
571 3998 626 4060 οὐκ
648 3985 776 4069 ἐδέξατο
799 4000 913 4084 ὁμολο-

111 4099 236 4188 γήσαντα
258 4105 310 4170 ἐπί
331 4113 387 4178 τῆς
409 4113 465 4178 σῆς
486 4097 638 4178 εῠσεθείσις
659 4104 850 4185 τήνπίστιν,
874 4115 914 4184 ὡς

85 4215 269 4318 νεὐιοιίσοντα
298 4215 352 4282 τόν
381 4209 513 4287 όασιλέα
543 4217 586 4282 τά
617 4217 702 4283 κατὰ
732 4215 914 4288 Ἀθανασίου

112 4327 245 4416 λεγόμενα
267 4333 463 4421 ἐκπλαγῆναι
487 4329 588 4409 αὑτὸν,
601 4329 681 4396 ὥστε
703 4331 850 4422 παρωθθς
864 4355 913 4400 κε·

113 4442 201 4506 λοῦσαι
222 4443 314 4508 αότόν
335 4444 419 4514 ήκειν
442 4443 581 4534 τάχιστοι
608 4445 681 4536 πρὸς
702 4449 795 4520 αυτόν
817 4444 914 4516 Ἀθα-

112 4551 198 4620 νάοιον
210 4557 261 4622 τόν
276 4559 441 4624 ἐπίσκοπον
462 4563 504 4633 είς
517 4557 576 4629 τήν
590 4559 914 4626 Κωνσταντινοόπολιν.

113 4661 146 4728 '0
166 4659 196 4732 δέ
216 4669 393 4758 ἀφικόμενος
405 4671 467 4735 ,καί
489 4669 542 4735 τόν
564 4664 696 4736 όασιλέα
722 4669 916 4762 θεασάμενος,

114 4769 238 4872 θεήλαγξε
268 4791 328 4847 τῶν
358 4791 551 4873 συκοφαντῶν
577 4783 615 4848 τὸ
644 4774 751 4871 ψώδος
780 4785 833 4848 καί
862 4763 925 4850 τὸν

115 4889 228 4968 βασιλέα
240 4893 476 4986 ἐπληροφόρησκ
499 4895 562 4960 Καί
576 4894 735 4986 γράμμασι
749 4888 917 4972 όασιλικοῖς

115 5003 253 5092 *W
285 5005 367 5096 μετά
404 5017 496 5098 τιμής
523 5009 572 5073 ότι
602 5009 740 5098 μάλιστα
770 5011 917 5085 πλείστης
959 5069 962 5074 .

115 5113 164 5176 θῶ
182 5126 232 5182 ταέ
252 5117 442 5184 πιστοτάτου
466 5119 613 5202 βασιλέως
635 5121 686 5185 ἐπί
699 5119 758 5190 τήν
772 5113 915 5196 Ἀλεξάν-

116 5215 200 5312 θρυαν
220 5230 397 5321 πέμπεται,
418 5232 472 5296 καί
494 5231 552 5303 τήν
576 5229 675 5296 θεόθεν
699 5238 782 5314 αὐτῷ
812 5237 916 5324 ἐγχει-

115 5337 244 5420 ρπθείσαν
265 5344 619 5427 ἐκκλησίαναατέλαβε.
643 5349 737 5416 Δηλοῐ
759 5337 794 5410 δέ
814 5357 917 5414 ταῦτα

157 5543 225 5632 ουρ.
247 5548 328 5618 xvl.
355 5549 388 5618 S.
412 5547 623 5631 Athanasius,
644 5555 667 5618 t.
687 5551 711 5632 1,
728 5567 760 5636 p.
779 5551 917 5635 179-80,

118 5651 163 5722 ed.
176 5657 271 5730 Ιεοο.
286 5661 389 5736 habet
411 5669 516 5732 totam
530 5663 729 5750 Epistolam
749 5661 919 5734 conferm-

118 5771 165 5834 tm
184 5769 278 5844 etim
299 5775 530 5859 sommum,
553 5777 604 5860 ΙΙ,
627 5775 711 5859 xxm,
736 5773 920 5845 Theodori·

120 5883 175 5960 ¹¹1³,
197 5883 223 5964 Ι,
244 5907 338 5958 xxm.
361 5889 400 5958 Im
423 5887 537 5960 σοθίοο
560 5897 785 5980 συγγραφασας
806 5888 920 5960 confer

1005 401 1059 467 καί
1088 399 1131 467 τά
1162 411 1217 470 τοῦ
1246 403 1382 486 εὐσεβοῦς
1407 397 1556 481 όασιλέως
1585 403 1758 496 γράμματα
1770 405 1826 489 ,ά

1004 513 1076 605 πρὸς
1103 513 1162 586 τήν
1183 505 1404 606 Ἀλεξανδρέων
1435 519 1601 588 ἐκκλησίαν
1631 518 1851 597 ἐπέστειλεν,.

1003 621 1043 692 όιν
1069 625 1111 692 τά
1141 633 1306 694 τελευταῖα
1336 627 1451 700 ἐνθήσω
1481 621 1560 716 τῇδε
1581 641 1622 718 τῇ
1654 643 1825 722 συγγραφῇ.

1002 735 1092 805 Ἀλλ’
1107 739 1173 828 ἐμοί
1196 730 1302 828 μηδεὶς
1323 748 1382 804 τῶν
1411 739 1656 832 ἐντυγχανόντων
1678 735 1758 825 τῷδε
1780 753 1826 826 τῷ

1002 851 1219 944 συγγράμματι
1249 845 1480 943 διαμέμψηται,
1504 861 1543 929 ὡς
1564 855 1621 926 τήν
1654 859 1729 928 ὅλην
1759 863 1823 923 ἐπι-

1001 965 1114 1036 στολήν
1136 976 1182 1048 τῷ
1203 958 1300 1038 τῆσδε
1322 977 1378 1040 τῆς
1408 971 1663 1044 ἐκκλησιαστικής
1695 971 1825 1060 ἱστορίας

1001 1078 1084 1170 λόγῳ
1100 1077 1143 1166 μή
1166 1073 1339 1165 συνάψαντα
1357 1077 1431 1152 Τοὺς
1449 1077 1507 1168 γάρ
1530 1081 1725 1170 περὶτούτων
1747 1081 1825 1147 πίεν·

1001 1215 1059 1267 τας
1080 1201 1260 1281 συγγραφεῖς
1283 1182 1550 1278 διερευνησάμενος,
1565 1195 1622 1280 οὐχ
1646 1185 1725 1281 εὗρον
1737 1193 1823 1263 όλην

1001 1304 1053 1369 ὑπ’
1069 1310 1168 1368 αὐτῶν
1190 1311 1424 1393 συγγραφεῐσαν,
1446 1307 1479 1364 οὺ
1508 1291 1568 1391 μήν
1593 1293 1627 1367 δέ
1656 1303 1740 1368 ἀλλά
1764 1303 1823 1396 γὰρ

1001 1415 1055 1480 καί
1077 1413 1177 1488 ἄλλας
1199 1414 1348 1488 πλείστας
1370 1415 1443 1488 όσας
1466 1413 1630 1488 ἐπιστολὰς
1652 1422 1690 1492 ὠς
1713 1421 1744 1479 ἐν
1760 1422 1822 1482 ἐπι-

1000 1527 1086 1616 τόμορ
1101 1525 1229 1616 φανεράν
1244 1549 1313 1590 τινα
1328 1535 1433 1614 μοῖραν
1450 1531 1548 1590 αὐτῶν
1572 1531 1603 1590 ἐν
1619 1537 1687 1600 ταῖς
1709 1529 1761 1591 ὑπ’
1771 1534 1822 1592 αθ·

1000 1649 1060 1706 τῶν
1082 1629 1334 1713 οπουδασθείοαις
1356 1639 1496 1728 ἱστορίαις
1523 1636 1705 1730 ἐγράψαντο.
1729 1638 1824 1704 Ὅθεν

1002 1756 1104 1816 πλεῖον
1119 1749 1241 1837 πάντων
1255 1759 1336 1840 ὑμῶν
1358 1756 1520 1842 ὑπεραλγῶ
1535 1754 1601 1841 περὶ
1615 1753 1734 1818 τοότου.
1751 1755 1824 1818 Ἀλ-

1001 1867 1032 1930 λ’
1044 1864 1094 1930 ἐπί
1115 1864 1153 1929 τό
1167 1864 1357 1955 προκείμενον
1371 1861 1592 1956 ἐπανέλθωμεν,
1608 1865 1644 1930 τό
1660 1865 1748 1942 τέλος
1765 1876 1822 1940 τῆς

1002 1975 1210 2069 προρρηθείσης
1232 1981 1395 2052 ἐπιπολῆς
1416 1968 1494 2062 τῇδε
1517 1987 1556 2063 τῇ
1583 1980 1697 2069 ἱστορίᾳ
1720 1985 1823 2070 ἐγχα-

1001 2090 1174 2181 ράττοντες,
1197 2095 1236 2164 ὡς
1257 2097 1274 2154 ό
1297 2084 1388 2180 λόγος
1411 2088 1615 2180 ἐπήγγελται.
1631 2087 1770 2182 Ἐγράφη
1788 2086 1823 2156 δέ

1001 2201 1104 2278 οθτως.

1390 2391 1434 2458 Ις.

1002 2570 1129 2628 ΤΕΛΟΣ
1152 2557 1376 2626 ΕΠΙΣΤΟΛῊΣ
1400 2568 1479 2624 ΤΟΥ
1501 2571 1689 2628 mmmm
1722 2571 1823 2630 ΚΩΝ-

1047 2681 1269 2740 ΣΤΑΝΤΙΝΟΥ
1291 2681 1392 2737 ΥΠΕΡ
1409 2679 1634 2738 ,somnos
1657 2685 1823 2741 ΣΥΓΓΡΑ-

1048 2795 1189 2852 ΦΕΙΣΗΣ
1209 2795 1274 2850 ΤΗε
1296 2793 1576 2851 ΑΛΕΞΑΝΔΡΕΩΝ
1599 2793 1822 2856 ΕΚΚΑΗΣΙΑε.
1940 2791 1942 2796 ’

1048 2981 1143 3054 οὐδὲν
1156 2989 1286 3078 ίσχυσαν
1301 2999 1328 3053 οέ
1350 2987 1473 3078 πονηροί
1489 2988 1573 3053 κατοὶ
1589 2998 1644 3056 τοῦ
1659 2989 1824 3056 ἐπισκόπου

1001 3112 1090 3192 ὑμῶν·
1120 3103 1186 3192 ἐμοί
1217 3101 1424 3184 πισεείισατε,
1448 3093 1585 3191 ἀδελφοί·
1608 3100 1694 3168 οὐδὲν
1725 3101 1824 3192 ἕτερον

1001 3205 1245 3290 ἐσπουδάκασιν,
1267 3209 1287 3286 ή
1310 3213 1360 3276 ἵνα
1383 3207 1627 3302 κατατρίψαντες
1649 3214 1718 3288 τοὺς
1744 3221 1824 3304 ήμε-

1000 3325 1101 3416 τέρους
1115 3323 1245 3414 χρόνους,
1261 3313 1413 3412 μηδεμίαν
1425 3321 1526 3412 χώραν
1541 3327 1571 3387 ἐν
1583 3333 1623 3409 σή
1640 3315 1702 3410 ζωῇ
1720 3325 1820 3411 ταότη

1001 3437 1206 3528 μεταμελείας
1220 3447 1304 3527 σχεῖν
1321 3425 1490 3505 δυνηθῶσιν.
1505 3431 1747 3525 Ἐπικουρήσατε
1761 3439 1823 3503 τοί·

1001 3575 1050 3615 νυν
1072 3557 1140 3640 ιλμῐν
1155 3556 1265 3628 αυτοῖς,
1287 3552 1468 3640 παρακαλῶ,
1483 3547 1520 3612 τό
1544 3547 1629 3639 ἅγιον
1650 3550 1771 3640 φίλτρον
1786 3551 1825 3616 τό

1001 3664 1150 3756 ὑμέτερον,
1173 3661 1363 3755 ἀγαπήσατε
1386 3660 1510 3737 ἐαυτοθς
1533 3663 1627 3727 παντί
1649 3661 1754 3741 σθένει,
1770 3665 1824 3728 καί

1000 3777 1055 3844 τὸν
1077 3775 1218 3866 ὑμέτερον
1239 3775 1403 3840 ἐπίσκοπον
1418 3770 1597 3838 Ἀθανάσιον
1612 3773 1764 3856 ἀπλήστου
1778 3782 1824 3840 εὑ-

1003 3888 1129 3978 φροσόνῃ
1152 3876 1352 3963 ὑποδέξασθε,
1366 3887 1538 3976 ἀγαπητοί.
1562 3892 1597 3951 E!
1619 3887 1673 3950 καί
1695 3887 1738 3951 τά
1760 3886 1824 3975 μά-

1002 4006 1095 4066 λιστα
1118 3993 1151 4064 εὖ
1173 3989 1252 4074 οἶδα,
1266 4004 1306 4072 ὡς
1328 4002 1362 4061 οὺ
1384 3995 1538 4066 τοσαότην
1560 4003 1627 4086 ὑμῖν
1650 3997 1750 4068 λόπην
1765 4003 1827 4064 ἐνε-

1002 4113 1126 4182 ποίησεν
1153 4117 1170 4174 ό
1201 4114 1294 4174 αὑτοῦ
1324 4107 1492 4200 χωρισμός,
1514 4109 1588 4180 όσην
1612 4109 1703 4200 ἐχετε
1725 4121 1824 4202 χαρᾶς

1002 4218 1170 4314 ὑπερόσλὴν
1193 4223 1244 4287 ἐπί
1265 4231 1305 4308 τῇ
1329 4219 1439 4286 τοότου
1460 4221 1534 4311 πρός
1555 4229 1633 4310 ὑμᾶς
1659 4215 1825 4300 ἐπαναζεθ·

1002 4329 1056 4414 ξει.
1080 4326 1215 4410 Διόσξατε
1245 4343 1315 4408 τοῦς
1344 4333 1402 4402 τήν
1425 4343 1481 4410 τῆς
1510 4334 1661 4426 ήμετέρας
1690 4337 1827 4426 ὁμονοίας

1004 4451 1091 4542 χάριν
1106 4439 1262 4538 ἀφανίζειν
1285 4445 1513 4538 ἐπιθυμοῦντας,
1528 4449 1668 4537 καὶπρὸς
1683 4448 1735 4514 τόν
1751 4451 1827 4516 Θεὸν

1004 4551 1172 4638 ἀναδόντες,
1195 4567 1274 4648 ὑμᾶς
1297 4559 1405 4635 αὐτοὺς
1427 4559 1627 4652 ἀγαπήσατε,
1643 4567 1824 4652 παρακαλῶ.

1003 4671 1086 4766 Ἐγιέ
1115 4672 1175 4763 γάρ
1204 4672 1257 4738 τόν
1283 4671 1424 4762 ὑμέτερον
1455 4675 1619 4740 ἐπίσκοπον
1648 4671 1827 4742 Ἀθανόισιον
1960 4749 1966 4762 ,

1005 4785 1141 4875 ἀσμένως
1153 4784 1365 4875 προσηκάμην,
1379 4786 1473 4861 οὕτως
1487 4785 1523 4852 τέ
1545 4778 1826 4879 προσεφθεγξίιμηο,

1005 4905 1044 4990 ᾡς
1067 4895 1220 4988 ἅνθρωποι
1242 4897 1334 4976 αυτόν
1356 4892 1431 4962 εἶναι
1444 4905 1500 4962 σου
1523 4907 1601 4962 θεοῦ
1623 4898 1826 4988 mnam<

1005 5007 1045 5076 '0
1070 5009 1145 5086 Θεὸς
1166 5017 1244 5099 ὑμᾶς
1267 5001 1474 5100 διαφυλάξαι,
1497 5001 1625 5102 ἀδελφοί
1658 5015 1827 5104 ἀγαπητοί

1053 5123 1184 5188 Ταῦταί
1208 5121 1251 5187 τά
1273 5121 1446 5215 γράμματα
1468 5121 1572 5206 λαβήν
1594 5123 1679 5214 παρὰ
1696 5134 1751 5190 τοῦ
1766 5117 1827 5189 θα-

1007 5233 1111 5310 σιλέως
1141 5241 1157 5300 ό
1181 5233 1279 5326 μέγας
1301 5232 1479 5310 Ἀθσνόισιος
1501 5227 1747 5324 ’καταλαμβάνει
1769 5237 1827 5308 τὴν

1007 5337 1246 5438 Ἀλεξάνδρειαν·
1268 5345 1301 5414 όν
1325 5345 1408 5422 άπος
1430 5349 1498 5414 ότε
1520 5351 1629 5438 κλῆρος
1650 5349 1734 5414 καίό
1754 5349 1828 5424 λαὸς

1009 5552 1108 5622 etiam
1132 5550 1279 5621 tabulam
1302 5551 1517 5639 praemissam
1540 5551 1581 5621 ad
1598 5553 1741 5622 eundem
1762 5571 1827 5622 nu·

1009 5681 1149 5734 merum.
1470 5687 1474 5692 ·
1681 5678 1686 5688 ·

1057 5777 1069 5822 ¹
1095 5777 1143 5846 Cf.
1166 5775 1366 5848 Athanasius
1396 5775 1419 5845 l.
1442 5775 1499 5846 cit.
1522 5783 1599 5846 ante
1627 5775 1828 5862 Epistulam,

1011 5889 1231 5974 sozomenus,
1254 5887 1276 5958 ί.
1301 5887 1372 5973 οἰκ,
1395 5887 1629 5972 Τοοοόοοίίυε,
1652 5889 1677 5972 1,
1700 5910 1783 5958 ειη.
